nombre;precio;volumen
Bacon en tiras Nuestra Alacena de Dia bandeja 2 x 100 g;1,76;(8,80 €/KILO)
Jamón cocido extra Nuestra Alacena de Dia sobre 2 x 225 g;3,75;(8,33 €/KILO)
Pechuga de pavo Nuestra Alacena de Dia sobre 2 x 200 g;3,55;(8,88 €/KILO)
Pechuga de pavo 92% carne Nuestra Alacena de Dia sobre 120 g;2,29;(15,27 €/KILO)
Bacon en lonchas Nuestra Alacena de Dia sobre 200 g;1,99;(9,95 €/KILO)
Jamón cocido extra Elpozo 1954 sobre 150 g;2,00;(13,33 €/KILO)
Jamón cocido extra 97% carne Nuestra Alacena de Dia sobre 150 g;1,99;(13,27 €/KILO)
Pechuga de pavo Elpozo sobre 80 g;1,00;(12,50 €/KILO)
Mortadela Nuestra Alacena de Dia sobre 250 g;1,25;(5,00 €/KILO)
Mortadela con aceitunas Nuestra Alacena de Dia sobre 250 g;1,25;(5,00 €/KILO)
Pechuga de pavo bajo en sal Nuestra Alacena de Dia sobre 200 g;1,96;(9,80 €/KILO)
Jamón de pavo finas lonchas Nuestra Alacena de Dia sobre 180 g;1,49;(8,28 €/KILO)
Fiambre de york Elpozo sobre 300 g;2,00;(6,67 €/KILO)
Jamón cocido extra bajo en sal Nuestra Alacena de Dia sobre 200 g;1,99;(9,95 €/KILO)
Lacón ahumado Nuestra Alacena de Dia sobre 150 g;1,79;(11,93 €/KILO)
Jamón cocido Elpozo sobre 80 g;1,00;(12,50 €/KILO)
Mortadela Bologna I.G.P. Selección Mundial de Dia sobre 150 g;1,99;(13,27 €/KILO)
Pechuga de pavo braseado Campofrío sobre 75 g;1,00;(13,33 €/KILO)
Fiambre de pavo sándwich Elpozo bandeja 270 + 30 g;2,00;(7,41 €/KILO)
Guanciale Selección Mundial de Dia bandeja 100 g;1,99;(19,90 €/KILO)
Pechuguitas de pollo asada La carloteña bandeja 100 g;2,05;(20,50 €/KILO)
Jamón de pavo con trufa y boletus Elpozo sobre 120 + 20 g;2,00;(16,67 €/KILO)
Chopped lata Nuestra Alacena de Dia Dia sobre 150 g;1,59;(10,60 €/KILO)
Cabeza de jabalí Nuestra Alacena de Dia sobre 150 g;1,75;(11,67 €/KILO)
Pavo maxi Nuestra Alacena de Dia 900 g + 100 g;2,99;(3,32 €/KILO)
Pechuga de pollo braseado Nuestra Alacena de Dia sobre 200 g;2,20;(11,00 €/KILO)
Jamón cocido extra Nuestra Alacena de Dia sobre 250 g;2,25;(9,00 €/KILO)
Mortadela de pavo Nuestra Alacena de Dia sobre 200 g;1,75;(8,75 €/KILO)
Chopped pork Campofrío sobre 95 g;1,00;(10,53 €/KILO)
Pechuga de pavo bajo en grasa y reducido en sal Nuestra Alacena de Dia 500 g;3,99;(7,98 €/KILO)
Chopped de pavo Nuestra Alacena de Dia sobre 200 g;1,79;(8,95 €/KILO)
Bacon en taco Nuestra Alacena de Dia bolsa 300 g;2,99;(9,97 €/KILO)
Pavo trufado con pistachos Serrano sobre 150 g;1,79;(11,93 €/KILO)
Chopped pork Nuestra Alacena de Dia sobre 250 g;1,39;(5,56 €/KILO)
Panceta curada Nuestra Alacena de Dia sobre 150 g;2,15;(14,33 €/KILO)
Jamón asado al horno Bonnatur sobre 100 g;2,00;(20,00 €/KILO)
Pechuga de pavo Elpozo Bienstar bandeja 75 g;1,00;(13,33 €/KILO)
Pechuga de pavo braseado Nuestra Alacena de Dia sobre 200 g;2,45;(12,25 €/KILO)
Magro de cerdo cocido Nuestra Alacena de Dia lata 200 g;2,35;(11,75 €/KILO)
Jamón cocido asado extra Elpozo 1954 bandeja 100 g;2,00;(20,00 €/KILO)
Jamón de cebo ibérico 50% Nuestra Alacena de Dia bandeja 90 g;4,64;(51,56 €/KILO)
Paleta de cebo ibérica 50% Nuestra Alacena de Dia bandeja 100 g;4,99;(49,90 €/KILO)
Jamón Serrano Nuestra Alacena de Dia bandeja 200 g;3,59;(13,45 €/KILO)
MEDIAS LONCHAS Jamón Serrano Nuestra Alacena de Dia bandeja 100 g;1,73;(17,30 €/KILO)
LONCHAS EXTRAFINAS Jamón Serrano Nuestra Alacena de Dia bandeja 120 g;2,45;(20,42 €/KILO)
TAQUITOS de Jamón Curado para cocinar Nuestra Alacena de Dia sobre 2 x 75 g;2,15;(14,33 €/KILO)
Mini taquitos de jamón Nuestra Alacena de Dia bandeja 2 x 75 g;2,21;(14,73 €/KILO)
Paleta Curada 50% Duroc Nuestra Alacena de Dia bandeja 110 g;2,69;(24,45 €/KILO)
Jamón curado Navidul sobre 45 g;1,00;(22,22 €/KILO)
Jamón curado Elpozo 1954 sobre 100 g;2,00;(20,00 €/KILO)
Jamón curado Elpozo 1954 bandeja 2 x 75 g;3,00;(20,00 €/KILO)
Pizcas de jamón de cebo ibérico 50 % Nuestra Alacena de Dia bandeja 60 g;1,99;(33,17 €/KILO)
Jamón curado bajo en sal Navidul sobre 45 g;1,00;(22,22 €/KILO)
PÉTALOS paleta de cebo ibérica Nuestra Alacena de Dia sobre 90 g;4,49;(49,89 €/KILO)
Jamón Serrano 50% Duroc Nuestra Alacena de Dia sobre 125 g;3,99;(31,92 €/KILO)
Paleta de cebo ibérica Navidul estuche 5 x 40 g;10,00;(34,95 €/KILO)
(18,45 €/KILO);Jamón de cebo ibérico 50% de raza ibérica Navidul sobre 110 g;7,25 €
(49,91 €/KILO);(10,89/KILO);(44,13 €/KILO)
Chorizo extra Nuestra Alacena de Dia bandeja 2 x 100 g;1,75;(7,45 €/KILO)
Lomo embuchado Nuestra Alacena de Dia bandeja 2 x 70 g;2,55;(18,21 €/KILO)
Espetec extra Casa Tarradellas bolsa 180 g;2,49;(13,83 €/KILO)
Chorizo extra dulce Nuestra Alacena de Dia bolsa 270 g;2,40;(8,89 €/KILO)
Fuet extra Nuestra Alacena de Dia bolsa 2 x 170 g;3,79;(11,15 €/KILO)
Salami extra Nuestra Alacena de Dia bandeja 200 g;1,62;(6,75 €/KILO)
Longaniza payés extra Nuestra Alacena de Dia bandeja 2 x 50 g;1,79;(17,90 €/KILO)
Salchichón extra Nuestra Alacena de Dia bandeja 2 x 100 g;1,71;(8,55 €/KILO)
Chorizo de pamplona extra Nuestra Alacena de Dia bandeja 2 x 100 g;1,73;(8,65 €/KILO)
Mini fuet Nuestra Alacena de Dia bolsa 50 g;0,99;(19,80 €/KILO)
Chorizo extra picante Nuestra Alacena de Dia bolsa 270 g;2,40;(8,89 €/KILO)
Chorizo y salchichón extra Nuestra Alacena de Dia bandeja 2 x 100 g;2,39;(11,95 €/KILO)
Taquitos de chorizo Revilla bandeja 65 g;1,00;(15,38 €/KILO)
Chorizo ibérico extra Nuestra Alacena de Dia bandeja 2 x 60 g;2,02;(16,83 €/KILO)
Chorizo Revilla sobre 65 g;1,00;(15,38 €/KILO)
Espetec extra Nuestra Alacena de Dia bolsa 170 g;2,25;(13,24 €/KILO)
Salchichón ibérico extra Nuestra Alacena de Dia bandeja 2 x 60 g;2,09;(17,42 €/KILO)
Longaniza imperial Elpozo bolsa 250 g;2,95;(11,80 €/KILO)
Caña de lomo Navidul sobre 40 g;1,09;(27,25 €/KILO)
Chorizo de león picante Nuestra Alacena de Dia bandeja 100 g;1,99;(19,90 €/KILO)
Cabecero de lomo Nuestra Alacena de Dia sobre 2 x 70 g;2,58;(18,43 €/KILO)
Chorizo de león dulce Nuestra Alacena de Dia bandeja 100 g;1,99;(19,90 €/KILO)
Salchichón de pavo extra Nuestra Alacena de Dia bandeja 2 x 60 g;2,05;(17,08 €/KILO)
Chorizo de León dulce Nuestra Alacena de Dia bolsa 250 g;3,07;(12,28 €/KILO)
Mini fuet con pavo Nuestra Alacena de Dia bolsa 50 g;0,99;(19,80 €/KILO)
Chorizo de pavo extra Nuestra Alacena de Dia bandeja 2 x 60 g;2,05;(17,08 €/KILO)
Sobrasada Elpozo tarrina 250 g;2,19;(8,76 €/KILO)
Salami extra Revilla sobre 65 g;1,00;(15,38 €/KILO)
Lomo de cebo ibérico 50% Nuestra Alacena de Dia bandeja 80 g;3,79;(47,38 €/KILO)
Salchichón nobleza Elpozo bandeja 65 g;1,00;(15,38 €/KILO)
Chorizo de León picante Nuestra Alacena de Dia bolsa 250 g;3,07;(12,28 €/KILO)
Longaniza con pavo Elpozo bolsa 230 g;2,99;(13,00 €/KILO)
Pétalos salchichón extra 50% duroc Nuestra Alacena de Dia sobre 80 g;1,99;(24,88 €/KILO)
Chorizo extra picante Revilla sobre 65 g;1,00;(15,38 €/KILO)
Salchichón a la pimienta Sola bandeja 100 g;1,99;(19,90 €/KILO)
Chorizo ibérico Nuestra Alacena de Dia sobre 90 g;2,59;(28,78 €/KILO)
Chorizo dulce Palacios bolsa 250 g;3,99;(15,96 €/KILO)
Salchichón de Vic Exentis sobre 80 g;2,25;(28,13 €/KILO)
Lomo embuchado ya cortado España e hijos sobre 200 g;3,99;(19,95 €/KILO)
Salchichón extra ya cortado España e hijos sobre 200 g;2,99;(14,95 €/KILO)
Queso semicurado Mahón Quesería del Mundo 220 g;3,49;(15,86 €/KILO)
Queso mozzarella rallado Dia Láctea bolsa 200 g;1,75;(8,75 €/KILO)
Queso semicurado ibérico Quesería del Mundo 175 g;2,99;(17,09 €/KILO)
Queso curado El Cencerro de Dia 250 g;2,99;(9,57 €/KILO)
Queso mezcla 4 quesos rallado Dia Láctea bolsa 200 g;1,96;(9,80 €/KILO)
Queso especial pasta en polvo Dia Láctea bolsa 150 g;1,34;(8,93 €/KILO)
Queso sándwich Dia Láctea sobre 160 g;1,25;(7,81 €/KILO)
Queso de cabra roqueforti Quesería del Mundo 150 g;2,99;(19,93 €/KILO)
Rulo de queso de cabra Dia Lactea 140 g;1,75;(12,50 €/KILO)
Queso semicurado El Cencerro de Dia Dia 250 g;2,75;(11,00 €/KILO)
Queso semicurado El Cencerro de Dia sobre 160 g;1,89;(11,81 €/KILO)
Queso tierno El Cencerro de Dia 200 g;1,89;(9,45 €/KILO)
Queso canario ahumado de cabra Quesería del Mundo 150 g;2,99;(19,93 €/KILO)
Queso de oveja con trufa blanca Quesería del Mundo 175 g;4,99;(28,51 €/KILO)
Queso Mozzarella en lonchas Selección Mundial de Dia sobre 160 g;1,48;(9,25 €/KILO)
Queso especial gratinar rallado Dia Láctea bolsa 200 g;1,45;(7,25 €/KILO)
Dados de queso especial ensalada Dia Láctea bolsa 100 g;1,39;(13,90 €/KILO)
Queso tierno de vaca El Cencerro de Dia 200 g;1,79;(8,95 €/KILO)
Queso havarti Selección Mundial de Dia sobre 160 g;1,99;(12,44 €/KILO)
Queso tierno El Cencerro de Dia 1 Kg;8,64;(8,64 €/KILO)
Queso maasdam Selección Mundial de Dia sobre 160 g;1,49;(9,31 €/KILO)
Queso havarti light Selección Mundial de Dia sobre 160 g;1,99;(12,44 €/KILO)
Queso gouda rallado Dia Láctea bolsa 200 g;1,61;(8,05 €/KILO)
Queso tierno mezcla El Cencerro de Dia 250 g;2,49;(9,96 €/KILO)
Queso curado cortado El Cencerro de Dia 250 g;3,73;(14,92 €/KILO)
Queso semicurado cortado El Cencerro de Dia 250 g;3,43;(13,72 €/KILO)
Queso emmental rallado Dia Láctea bolsa 200 g;1,73;(8,65 €/KILO)
Queso grana padano rallado Selección Mundial de Dia bolsa 100 g;1,79;(17,90 €/KILO)
Queso curado de oveja El Cencerro de Dia 200 g;3,25;(16,25 €/KILO)
Queso gouda sin lactosa Selección Mundial de Dia sobre 160 g;1,69;(10,56 €/KILO)
Queso sin lactosa rallado Dia Láctea bolsa 150 g;1,69;(11,27 €/KILO)
Queso mezcla madurado tradición El Cencerro de Dia 200 g;2,99;(14,95 €/KILO)
Rulo de queso de vaca Dia Lactea 140 g;1,49;(10,64 €/KILO)
Queso parmigiano reggiano D.O.P. en escamas Selección Mundial de Dia tarrina 80 g;1,99;(24,88 €/KILO)
Queso semicurado ya cortado García Baquero 225 g;3,99;(17,73 €/KILO)
Queso tierno cortado El Cencerro de Dia 250 g;3,09;(12,36 €/KILO)
Queso tierno de cabra El Cencerro de Dia bandeja 550 g;8,11;(14,75 €/KILO)
Queso Idiazábal ahumado D.O.P. Belai 150 g;3,85;(25,67 €/KILO)
Queso gouda light Selección Mundial de Dia sobre 160 g;1,72;(10,75 €/KILO)
Queso rallado en polvo El caserío bolsa 80 g;1,46;(18,25 €/KILO)
Queso fresco natural Dia Láctea tarrina 4 x 62.5 g;1,08;(4,32 €/KILO)
Queso fresco natural Dia Láctea tarrina 250 g;0,99;(3,96 €/KILO)
Queso mozzarella fresca Selección Mundial de Dia bolsa 125 g;1,05;(8,40 €/KILO)
Queso fresco de vaca El Cencerro de Dia tarrina 250 g;1,66;(6,64 €/KILO)
Queso fresco de cabra El Cencerro de Dia tarrina 250 g;2,70;(10,80 €/KILO)
Queso fresco 0% m.g Dia Láctea tarrina 4 x 62.5 g;1,08;(4,32 €/KILO)
Queso feta D.O.P. Selección Mundial de Dia bolsa 150 g;2,45;(16,33 €/KILO)
Queso burrata Selección Mundial de Dia tarrina 150 g;2,59;(17,27 €/KILO)
Queso fresco artesano Vega e Hijos tarrina 250 g;2,89;(11,56 €/KILO)
Requesón El Cencerro de Dia tarrina 200 g;0,99;(4,95 €/KILO)
Queso fresco sin lactosa Dia Láctea tarrina 4 x 62.5 g;1,74;(6,96 €/KILO)
Mini queso mozzarella Dia Láctea tarrina 125 g;1,75;(14,00 €/KILO)
Queso protein cottage Arla foods tarrina 200 g;2,49;(12,45 €/KILO)
Queso fresco natural Burgo de Arias tarrina 3 x 72 g;3,19;(14,77 €/KILO)
Queso fresco batido rico en proteínas Granja Rinya tarrina 400 g;1,99;(4,98 €/KILO)
Queso mozzarella di bufala campana D.O.P. Selección Mundial de Dia tarrina 125 g;1,99;(15,92 €/KILO)
Ricotta Selección Mundial de Dia tarrina 250 g;1,89;(7,56 €/KILO)
Queso fresco protein plus Burgo de Arias tarrina 3 x 70 g;1,99;(9,48 €/KILO)
Queso fresco bajo en sal Dia Láctea tarrina 4 x 62.5 g;1,45;(5,80 €/KILO)
Queso fresco 0% m.g Burgo de Arias tarrina 3 x 72 g;3,19;(14,77 €/KILO)
Queso mascarpone Selección Mundial de Dia tarrina 250 g;2,65;(10,60 €/KILO)
Queso roquefort Selección Mundial de Dia bandeja 100 g;1,99;(19,90 €/KILO)
Queso azul Dia Láctea bandeja 150 g;1,95;(13,00 €/KILO)
Queso gorgonzola D.O.P. Selección Mundial de Dia bandeja 150 g;1,99;(13,27 €/KILO)
Queso picón azul Bejes-Tresviso Quesería del Mundo 150 g;2,49;(16,60 €/KILO)
Queso brie azul Petit blue 150 g;2,25;(15,00 €/KILO)
Queso fundido sándwich Dia Láctea bolsa 300 g;1,65;(5,50 €/KILO)
Queso de untar natural Dia Láctea tarrina 250 g;1,12;(4,48 €/KILO)
Queso fundido burger con cheddar Dia Láctea bolsa 300 g;1,85;(6,17 €/KILO)
Queso fundido en porciones Dia Láctea caja 375 g;2,19;(5,84 €/KILO)
Crema con queso de cabra Dia Láctea tarrina 125 g;1,45;(11,60 €/KILO)
Crema de queso camembert President tarrina 125 g;1,89;(15,12 €/KILO)
Queso de untar original Philadelphia tarrina 350 g;3,69;(10,54 €/KILO)
Queso fundido light en porciones Dia Láctea caja 250 g;1,68;(6,72 €/KILO)
Queso fundido light Dia Láctea bolsa 300 g;1,99;(6,63 €/KILO)
Crema con queso semicurado Dia Láctea tarrina 125 g;1,45;(11,60 €/KILO)
Queso de untar original Philadelphia tarrina 250 g;2,78;(11,12 €/KILO)
Queso de untar light Philadelphia tarrina 250 g;2,78;(11,12 €/KILO)
Queso de untar light Philadelphia tarrina 350 g;3,69;(10,54 €/KILO)
Queso de untar natural light Dia Láctea tarrina 250 g;1,12;(4,48 €/KILO)
Queso fundido original en porciones La Vaca que ríe caja 250 g;2,79;(11,16 €/KILO)
Queso fundido El caserío bolsa 262 g;2,65;(10,11 €/KILO)
Mini queso tierno snack Babybel malla 120 g;2,99;(24,92 €/KILO)
Preparado de queso quark con frambuesa alto en proteínas Dia Láctea tarrina 200 g;1,29;(6,45 €/KILO)
Queso de untar blanco con piña Castello tarrina 125 g;1,99;(15,92 €/KILO)
Queso de untar con finas hierbas Philadelphia tarrina 150 g;2,49;(16,60 €/KILO)
Queso fundido con palitos de pan La Vaca que ríe caja 140 g;2,59;(18,50 €/KILO)
Queso fundido light en porciones La Vaca que ríe caja 250 g;2,79;(11,16 €/KILO)
Queso fundido light La Vaca que ríe bolsa 263 g;2,75;(10,46 €/KILO)
Preparado de queso quark con fresa alto en proteínas Dia Láctea tarrina 200 g;1,29;(6,45 €/KILO)
Queso fundido light en porciones El caserío caja 250 g;2,50;(10,00 €/KILO)
Mousse de queso con nueces President Bon délice tarrina 125 g;2,07;(16,56 €/KILO)
Preparado de queso quark con melocotón y maracuyá alto en proteínas Dia Láctea tarrina 200 g;1,29;(6,45 €/KILO)
Crema con queso camembert Dia Láctea tarrina 125 g;1,45;(11,60 €/KILO)
Queso gouda Selección Mundial de Dia sobre 240 g;1,89;(7,88 €/KILO)
Queso Munster Quesería del Mundo 125 g;2,49;(19,92 €/KILO)
Queso gouda cominos Quesería del Mundo 175 g;2,49;(14,23 €/KILO)
Queso Wensleydale con arándanos Quesería del Mundo 150 g;2,99;(19,93 €/KILO)
Queso mascarpone gorgonzola Quesería del Mundo 180 g;2,99;(16,61 €/KILO)
Queso cheddar Selección Mundial de Dia sobre 160 g;1,89;(11,81 €/KILO)
Queso brie Selección Mundial de Dia 200 g;1,75;(8,75 €/KILO)
Queso provolone con orégano Selección Mundial de Dia bolsa 150 g;1,88;(12,53 €/KILO)
Queso grana padano rallado Selección Mundial de Dia bolsa 100 g;1,79;(17,90 €/KILO)
Queso edam Selección Mundial de Dia sobre 240 g;1,88;(7,83 €/KILO)
Queso curado italiano Selección Mundial de Dia bandeja 200 g;2,91;(14,55 €/KILO)
Queso burrata Selección Mundial de Dia tarrina 150 g;2,59;(17,27 €/KILO)
Queso emmental Selección Mundial de Dia bolsa 220 g;2,09;(9,50 €/KILO)
Queso ahumado Talkäse Selección Mundial de Dia sobre 120 g;1,97;(16,42 €/KILO)
Queso havarti Selección Mundial de Dia sobre 160 g;1,99;(12,44 €/KILO)
Queso parmigiano reggiano D.O.P. Selección Mundial de Dia bandeja 150 g;3,99;(26,60 €/KILO)
Queso camembert Selección Mundial de Dia tarrina 250 g;2,19;(8,76 €/KILO)
Queso feta D.O.P. Selección Mundial de Dia bolsa 150 g;2,45;(16,33 €/KILO)
Queso mozzarella fresca Selección Mundial de Dia bolsa 125 g;1,05;(8,40 €/KILO)
Queso gouda Selección Mundial de Dia bandeja 400 g;3,35;(8,38 €/KILO)
Queso havarti light Selección Mundial de Dia sobre 160 g;1,99;(12,44 €/KILO)
Mini fondue recette Savoyarde Le rustique tarrina 150 g;1,99;(13,27 €/KILO)
Queso parmigiano reggiano D.O.P. en escamas Selección Mundial de Dia tarrina 80 g;1,99;(24,88 €/KILO)
Queso cheddar extra mature Selección Mundial de Dia bolsa 200 g;2,35;(11,75 €/KILO)
Queso gouda viejo Selección Mundial de Dia bolsa 200 g;2,79;(13,95 €/KILO)
Ricotta Selección Mundial de Dia tarrina 250 g;1,89;(7,56 €/KILO)
Queso mozzarella di bufala campana D.O.P. Selección Mundial de Dia tarrina 125 g;1,99;(15,92 €/KILO)
Queso mascarpone Selección Mundial de Dia tarrina 250 g;2,65;(10,60 €/KILO)
Queso brie con trufa 180 g;3,49;(19,39 €/KILO)
Salchichas cocidas frankfurt Funky Frank de Dia bolsa 4 x 160 g;1,75;(2,73 €/KILO)
Salchichas frankfurt Elpozo bolsa 2 x 140 g;1,00;(3,57 €/KILO)
Salchichas cocidas frankfurt con queso Funky Frank de Dia bolsa 4 x 140 g;1,89;(3,38 €/KILO)
Salchichas cocidas frankfurt Campofrío bolsa 4 x 140 g;2,25;(4,02 €/KILO)
Salchichas frankfurt con queso Elpozo bolsa 2 x 140 g;1,00;(3,57 €/KILO)
Salchichas bockwurst Selección Mundial de Dia bolsa 270 g;2,99;(11,07 €/KILO)
Salchichas bratwurst Selección Mundial de Dia bolsa 270 g;2,99;(11,07 €/KILO)
Salchichas bockwurst Selección Mundial de Dia frasco 250 g;2,75;(11,00 €/KILO)
Salchichas frankfurt de pavo Campofrío bolsa 3 x 140 g;1,99;(4,74 €/KILO)
(8,33 €/KILO);Salchichas cocidas jumbo classic Oscar mayer bolsa 350 g;2,45 €
(7,00 €/KILO);Salchichas cocidas frankfurt pikante Schara bolsa 170 g;3,05 €
(17,94 €/KILO);Salchichas cocidas bockwurst Meica frasco 250 g;4,99 €
(19,96 €/KILO);Salchicha alemana cocktail Selección Mundial de Dia frasco 150 g;2,55 €
(17,00 €/KILO);Salchichas veganas Revolu green bolsa 170 g;2,79 €
Paté de atún Nuestra Alacena de Dia pack 2 x 75 g;1,65;(11,00 €/KILO)
Paté de hígado de cerdo suave Nuestra Alacena de Dia pack 2 x 75 g;1,15;(7,67 €/KILO)
Paté de campaña Nuestra Alacena de Dia frasco 125 g;1,09;(8,72 €/KILO)
Mousse de foie de pato Aoste blister 100 g;1,99;(19,90 €/KILO)
Paté de cerdo intenso Nuestra Alacena de Dia pack 3 x 75 g;1,75;(7,78 €/KILO)
Paté La piara Tapa Negra lata 3 x 75 g;3,99;(17,73 €/KILO)
Paté de mejillones en escabeche Nuestra Alacena de Dia frasco 110 g;1,49;(13,55 €/KILO)
Paté a las finas hierbas Nuestra Alacena de Dia frasco 125 g;1,09;(8,72 €/KILO)
Paté de hígado de cerdo Mina lata 3 x 80 g;2,19;(9,13 €/KILO)
Paté a la pimienta Nuestra Alacena de Dia frasco 125 g;1,09;(8,72 €/KILO)
Paté de salmón Nuestra Alacena de Dia frasco 110 g;1,49;(13,55 €/KILO)
Paté olivada Vegedia frasco 110 g;1,49;(13,55 €/KILO)
Paté de anchoa Nuestra Alacena de Dia frasco 110 g;1,49;(13,55 €/KILO)
Paté vegetal de tomate y albahaca Carlota Natural frasco 110 g;1,99;(18,09 €/KILO)
Paté de pato superior Martiko blister 75 g;1,99;(26,53 €/KILO)
Paté de cerdo ibérico Nuestra Alacena de Dia frasco 125 g;1,19;(9,52 €/KILO)
Paté La piara Tapa Negra lata 225 g;3,49;(15,51 €/KILO)
Verduras braseadas Vegedia frasco 110 g;1,49;(13,55 €/KILO)
Paté suave La piara pack 2 x 75 g;1,50;(10,00 €/KILO)
Paté vegetal de papaya, manzana y curry Carlota Natural frasco 110 g;1,99;(18,09 €/KILO)
Bloc de foie de pato Capdevila lata 135 g;5,99;(44,37 €/KILO)
Paté de cerdo a la pimienta 2 unidades La cuina blister 100 g;1,29;(12,90 €/KILO)
Paté picante La piara lata 2 x 73 g;3,95;(27,05 €/KILO)
Paté de cerdo ibérico Argal lata 3 x 83 g;1,99;(7,99 €/KILO)
Paté vegetal de berenjena con semillas girasol Carlota Natural frasco 110 g;1,99;(18,09 €/KILO)
Foie gras de pato Martiko blister 40 g;2,79;(69,75 €/KILO)
Paté de atún La piara lata 150 g;3,99;(26,60 €/KILO)
Paté menos grasa La piara Tapa Negra lata 2 x 73 g;3,95;(27,05 €/KILO)
Paté de cerdo a las finas hierbas 2 unidades La cuina blister 100 g;1,29;(12,90 €/KILO)
Paté de cerdo original Argal lata 3 x 83 g;2,25;(9,04 €/KILO)
Paté de perdiz Gourmet cazorla frasco 110 g;1,95;(17,73 €/KILO)
Crema de pollo natural La piara lata 2 x 75 g;3,99;(26,60 €/KILO)
Paté de jamón Nuestra Alacena de Dia frasco 110 g;1,49;(13,55 €/KILO)
Paté de ciervo al pedro ximénez Gourmet cazorla frasco 110 g;1,95;(17,73 €/KILO)
Bloc paté de pato Sivore lata 150 g;3,49;(23,27 €/KILO)
Crema de atún La piara frasco 180 g;3,89;(21,61 €/KILO)
Paté con pedro ximénez La piara frasco 130 g;2,19;(16,85 €/KILO)
Surtido de patés Iberitos lata 3 x 80 g;2,95;(12,29 €/KILO)
Paté ibérico al oporto Gourmet cazorla frasco 110 g;1,95;(17,73 €/KILO)
Paté tapa negra ibérico La piara Tapa Negra lata 2 x 73 g;3,95;(27,05 €/KILO)
Salmón ahumado Selección Mundial de Dia sobre 100 g;3,80;(38,00 €/KILO)
Boquerones al vinagre con ajo y perejil MSC Mari Marinera de Dia bandeja 80 g;2,49;(31,13 €/KILO)
Filetes de anchoa del Cantábrico en aceite de girasol Mari Marinera de Dia pack 3 x 25 g;2,79;(37,20 €/KILO)
Boquerones al vinagre MSC Mari Marinera de Dia bandeja 80 g;2,39;(29,88 €/KILO)
Trucha ahumada Mari Marinera de Dia bandeja 100 g;3,69;(36,90 €/KILO)
Salmón ahumado Selección Mundial de Dia sobre 200 g;7,20;(36,00 €/KILO)
Anchoa del Cantábrico en aceite de oliva Mari Marinera de Dia pack 3 x 25 g;2,99;(39,87 €/KILO)
Filetes de sardina anchoada en salazón Kiele bandeja 50 g;1,89;(37,80 €/KILO)
Salmón ahumado reducido en sal Selección Mundial de Dia sobre 100 g;3,99;(39,90 €/KILO)
Huevas de capelán Royal frasco 50 g;1,99;(39,80 €/KILO)
Anchoas en aceite de oliva MSC Mari Marinera de Dia lata 50 g;3,89;(77,80 €/KILO)
Aceituna gordal rellena de boquerón del Cantábrico MSC Kiele bandeja 150 g;2,99;(19,93 €/KILO)
Bacalao desmigado desalado MSC Mari Marinera de Dia bandeja 250 g;4,79;(19,16 €/KILO)
Gilda de anchoa en aceite de girasol Leribe bandeja 175 g;3,49;(19,94 €/KILO)
Filetes de anchoa en aceite de girasol alto oleico Consorcio lata 23 g;2,45;(106,52 €/KILO)
Colas de langostino al ajillo Aguinamar bolsa 105 g;3,19;(30,38 €/KILO)
Filetón de bacalao salado MSC Selección Mundial de Dia bolsa 700 g;11,99;(17,13 €/KILO)
Bacalao ahumado Nuchar bandeja 80 g;3,69;(46,13 €/KILO)
Bacalao desmigado salado MSC Mari Marinera de Dia bandeja 250 g;4,99;(19,96 €/KILO)
Filetes de anchoa en aceite de oliva reducido sal MSC Mari Marinera de Dia lata 29 g;1,99;(68,62 €/KILO)
Palitos de surimi refrigeradas MSC Mari Marinera de Dia bolsa 300 g;1,89;(6,30 €/KILO)
Sucedáneo de angula refrigerado MSC Mari Marinera de Dia bandeja 200 g;2,79;(13,95 €/KILO)
Sucedáneo de angula con gambas refrigerado Mari Marinera de Dia bandeja 200 g;2,89;(14,45 €/KILO)
La Gula del Norte refrigerada La Gula del Norte bandeja 180 g;5,99;(33,28 €/KILO)
Palitos de surimi Krissia bolsa 180 g;2,99;(16,61 €/KILO)
Espinacas Vegecampo de Dia bolsa 300 g;1,35;(4,50 €/KILO)
Surtido vegetal bandeja 1 Kg aprox.;2,19;(2,19 €/KILO)
(14,50 €/KILO);Lechuga iceberg lavada Vegecampo de Dia bolsa 250 g;0,93 €
(3,72 €/KILO);Ensalada gourmet Vegecampo de Dia bolsa 175 g;1,13 €
(6,46 €/KILO);Ensalada 4 estaciones Vegecampo de Dia bolsa 250 g;0,83 €
(3,32 €/KILO);Maíz dulce cocido al vacío bolsa 400 g;1,59 €
(3,98 €/KILO);Verduras para microondas 3 ingredientes Vegecampo de Dia bolsa 300 g;1,75 €
(5,83 €/KILO);Canónigos Vegecampo de Dia bolsa 100 g;1,23 €
(12,30 €/KILO);Ensalada selección de brotes Vegecampo de Dia bolsa 100 g;1,23 €
(12,30 €/KILO);Ensalada variada Vegecampo de Dia bolsa 200 g;1,03 €
(5,15 €/KILO);Rúcula Vegecampo de Dia bolsa 50 g;0,83 €
(16,60 €/KILO);Brotes de espinaca baby Vegecampo de Dia bolsa 100 g;1,23 €
(12,30 €/KILO);Ensalada César Al Punto Dia bandeja 210 g;2,79 €
(13,29 €/KILO);Tomate rallado natural Bonnysa tarrina 200 g;1,40 €
(7,00 €/KILO);Pimientos asados a la leña bandeja 350 g;2,69 €
(7,69 €/KILO);Acelga Vegecampo de Dia bolsa 300 g;1,45 €
(4,83 €/KILO);Ensalada de pasta, huevo y atún Al Punto Dia tarrina 250 g;2,79 €
(11,16 €/KILO);Brócoli al vapor micro Florette bolsa 225 g;1,75 €
(7,78 €/KILO);Ensalada wrap texas Al Punto Dia bandeja 300 g;2,99 €
(9,97 €/KILO);Ensalada huerta Al Punto Dia bandeja 400 g;2,39 €
(5,98 €/KILO);Ensalada mezclum Vegecampo de Dia bolsa 150 g;1,13 €
(7,53 €/KILO);Tomate rallado natural La gergaleña tarrina 200 g;1,39 €
(6,95 €/KILO);Ensalada brooklyn con bacon Al Punto Dia bandeja 200 g;2,79 €
(13,95 €/KILO);Remolacha cocida al vacío bandeja 500 g;0,99 €
(1,98 €/KILO);Brotes de batavia verde y roja DiqueSí bolsa 100 g;1,19 €
(11,90 €/KILO);Pimientos rojos y verdes asados Huerta Camporico bandeja 350 g;2,69 €
(7,69 €/KILO);Ensalada tex-mex Freshkia bandeja 200 g;2,89 €
(14,45 €/KILO);Ensalada antiox Florette bolsa 100 g;1,55 €
(15,50 €/KILO);Preparado para puré bandeja 750 g;2,50 €
Arándanos rojos deshidratados Naturmundo de Dia bolsa 150 g;1,73;(11,53 €/KILO)
Mango deshidratado Naturmundo de Dia bolsa 90 g;1,99;(22,11 €/KILO)
Ciruelas sin hueso Naturmundo de Dia bolsa 200 g;1,71;(8,55 €/KILO)
Dátiles sin hueso Naturmundo de Dia bolsa 250 g;2,19;(8,76 €/KILO)
Pasas sultanas sin pepitas Naturmundo de Dia bolsa 200 g;1,48;(7,40 €/KILO)
Dátiles Frit ravich bandeja 500 g;3,20;(6,40 €/KILO)
Dátiles rellenos con nueces Naturmundo de Dia bandeja 120 g;2,89;(16,58 €/KILO)
Leche semidesnatada Dia Láctea brik 6 x 1 l;5,10;(0,85 €/LITRO)
Leche entera Dia Láctea brik 6 x 1 l;5,64;(0,94 €/LITRO)
Leche desnatada Dia Láctea brik 6 x 1 l;4,86;(0,81 €/LITRO)
Leche semidesnatada sin lactosa Dia Láctea brik 6 x 1 l;5,58;(0,93 €/LITRO)
Leche semidesnatada Dia Láctea brik 1 l;0,85;(0,85 €/LITRO)
Leche desnatada sin lactosa Dia Láctea brik 6 x 1 l;5,40;(0,90 €/LITRO)
Leche entera Dia Láctea brik 1 l;0,94;(0,94 €/LITRO)
Leche semidesnatada sin lactosa Dia Láctea brik 1 l;0,93;(0,93 €/LITRO)
Leche semidesnatada Central Lechera Asturiana brik 6 x 1 l;6,78;(1,13 €/LITRO)
Leche entera Central Lechera Asturiana brik 6 x 1 l;7,50;(1,25 €/LITRO)
Leche entera sin lactosa Dia Láctea brik 6 x 1 l;6,06;(1,01 €/LITRO)
Leche fresca entera Dia Láctea botella 1 l;1,09;(1,09 €/LITRO)
Leche entera Central Lechera Asturiana botella 6 x 1.5 l;11,64;(1,23 €/LITRO)
Leche desnatada Dia Láctea brik 1 l;0,81;(0,81 €/LITRO)
Leche entera Dia Láctea brik 3 x 200 ml;0,89;(1,48 €/LITRO)
Leche semidesnatada Central Lechera Asturiana botella 6 x 2.2 l;14,64;(1,11 €/LITRO)
Leche desnatada calcio Dia Láctea brik 1 l;0,97;(0,97 €/LITRO)
Leche semidesnatada calcio Dia Láctea brik 1 l;1,00;(1,00 €/LITRO)
Leche desnatada Central Lechera Asturiana brik 6 x 1 l;6,54;(1,09 €/LITRO)
Leche semidesnatada Central Lechera Asturiana botella 1.5 l;1,82;(1,15 €/LITRO)
Leche desnatada sin lactosa Dia Láctea brik 1 l;0,90;(0,90 €/LITRO)
Leche entera sin lactosa Dia Láctea brik 1 l;1,01;(1,01 €/LITRO)
Leche semidesnatada Pascual brik 6 x 1 l;7,74;(1,29 €/LITRO)
Leche semidesnatada Central Lechera Asturiana botella 6 x 1.5 l;10,92;(1,15 €/LITRO)
Leche semidesnatada Dia Láctea botella 1.5 l;1,47;(0,98 €/LITRO)
Leche entera Central Lechera Asturiana botella 1.5 l;1,94;(1,23 €/LITRO)
Leche semidesnatada Central Lechera Asturiana brik 1 l;1,13;(1,13 €/LITRO)
Leche entera Dia Láctea botella 1.5 l;1,53;(1,02 €/LITRO)
Leche desnatada omega 3 Dia Láctea brik 1 l;1,10;(1,10 €/LITRO)
Leche condensada Dia Láctea bote 450 g;2,59;(5,76 €/KILO)
Leche condensada Dia Láctea lata 1 Kg;3,89;(3,89 €/KILO)
Leche desnatada sin lactosa Central Lechera Asturiana brik 6 x 1 l;7,44;(1,24 €/LITRO)
Leche semidesnatada sin lactosa Central Lechera Asturiana brik 6 x 1 l;7,80;(1,30 €/LITRO)
Leche fresca semidesnatada Dia Láctea botella 1 l;1,03;(1,03 €/LITRO)
Leche entera sin lactosa Central Lechera Asturiana pack 6 x 1 l;8,04;(1,34 €/LITRO)
Leche desnatada Central Lechera Asturiana botella 6 x 1.5 l;10,56;(1,10 €/LITRO)
Leche entera Pascual brik 6 x 1 l;8,10;(1,35 €/LITRO)
Leche semidesnatada Lauki brik 1 l;1,10;(1,00 €/LITRO)
Leche desnatada Pascual brik 6 x 1 l;7,50;(1,25 €/LITRO)
Leche desnatada Central Lechera Asturiana botella 1.5 l;1,76;(1,10 €/LITRO)
Bebida de avena con calcio Vegedia brik 1 l;0,99;(0,99 €/LITRO)
Bebida de avena Vegedia brik 1 l;0,95;(0,95 €/LITRO)
Bebida de almendras 0% azúcares Vegedia brik 1 l;1,30;(1,30 €/LITRO)
Bebida de soja 0% azúcares Vegedia brik 1 l;0,75;(0,75 €/LITRO)
Bebida de avena 0% azúcares Vegedia brik 1 l;0,80;(0,80 €/LITRO)
Bebida de soja con calcio Vegedia brik 1 l;0,89;(0,89 €/LITRO)
Bebida de arroz Vegedia brik 1 l;0,99;(0,99 €/LITRO)
Bebida de avena con cacao Vegedia brik 250 ml;0,55;(2,20 €/LITRO)
Bebida de avena barista Vegedia brik 1 l;0,99;(0,99 €/LITRO)
Bebida de avena sin azúcar Alpro brik 1 l;1,99;(1,99 €/LITRO)
Bebida de almendras sin azúcar Alpro brik 1 l;1,99;(1,99 €/LITRO)
Bebida de soja Dia Vital brik 1 l;0,99;(0,99 €/LITRO)
Bebida de avena Pascual Vivesoy brik 1 l;1,90;(1,90 €/LITRO)
Bebida de soja Pascual Vivesoy brik 1 l;1,90;(1,90 €/LITRO)
Bebida de soja ligera Alpro pack 6 x 1 l;11,94;(1,99 €/LITRO)
Bebida de avena Alpro brik 1 l;1,99;(1,99 €/LITRO)
Bebida de almendras Alpro brik 1 l;1,99;(1,99 €/LITRO)
Bebida de almendras sin azúcar Alpro pack 6 x 1 l;11,94;(1,99 €/LITRO)
Bebida de avena Yosoy brik 1 l;1,65;(1,65 €/LITRO)
Bebida de almendras Alpro brik 6 x 1 l;11,94;(1,99 €/LITRO)
Bebida de avena Pascual Vivesoy pack 6 x 1 l;11,40;(1,90 €/LITRO)
Bebida de centeno Vivesoy brik 1 l;1,90;(1,90 €/LITRO)
Bebida de soja Pascual Vivesoy pack 6 x 1 l;11,40;(1,90 €/LITRO)
Bebida de soja ligera Alpro brik 1 l;1,99;(1,99 €/LITRO)
Bebida de avena sin azúcar Alpro pack 6 x 1 l;11,94;(1,99 €/LITRO)
Bebida de avena Alpro pack 6 x 1 l;11,94;(1,99 €/LITRO)
Batido de chocolate Dia Láctea brik 6 x 200 ml;1,40;(1,17 €/LITRO)
Batido de cacao 90% Dia lactea brik 6 x 200 ml;1,65;(1,38 €/LITRO)
Batido de fresa Dia lactea brik 6 x 200 ml;1,55;(1,29 €/LITRO)
Batido al cacao Dia botella 1 l;1,19;(1,19 €/LITRO)
Batido de chocolate Cacaolat botella 1 l;2,50;(2,50 €/LITRO)
Batido de vainilla Dia lactea brik 6 x 200 ml;1,55;(1,29 €/LITRO)
Batido de chocolate Puleva brik 6 x 200 ml;2,80;(2,33 €/LITRO)
Batido de cacao energy Colacao botella 4 x 188 ml;2,65;(3,52 €/LITRO)
Batido de chocolate 0% sin azúcar añadido Cacaolat botella 1 l;2,60;(2,60 €/LITRO)
Chocolate a la taza Ram brik 1 l;2,65;(2,65 €/LITRO)
Café con leche Puleva botella 1 l;2,19;(2,19 €/LITRO)
Batido de chocolate sin lactosa Puleva brik 6 x 200 ml;2,99;(2,49 €/LITRO)
Batido de chocolate enriquecido con proteínas Valio botella 260 g;2,25;(8,65 €/KILO)
Batido de chocolate Cacaolat pack 4 x 200 ml;3,85;(4,81 €/LITRO)
Batido de chocolate shake ColaCao vaso 200 ml;1,56;(7,80 €/LITRO)
Huevos frescos categoría A clase L Dia bandeja 12 unidades;2,36;(2,36 €/DOCENA)
Huevos frescos categoría A clase M Dia bandeja 24 unidades;3,96;(1,98 €/DOCENA)
Huevos frescos categoría A clase M Dia bandeja 12 unidades;2,10;(2,10 €/DOCENA)
Huevos frescos categoría A clase XL Dia bandeja 6 unidades;1,75;(3,50 €/DOCENA)
Huevos camperos categoría A clase M/L Dia bandeja 10 unidades;2,59;(3,11 €/DOCENA)
Huevos frescos de gallinas criadas en suelo categoría A clase M/L Dia bandeja 12 unidades;2,55;(2,55 €/DOCENA)
Huevos ecológicos categoría A clase M/L Dia bandeja 6 unidades;2,59;(5,18 €/DOCENA)
Huevos frescos maíz categoría A clase M/L Grupo de lucas caja 12 unidades;2,97;(2,97 €/DOCENA)
Claras de huevo pasteurizadas Ovonatur botella 500 ml;1,95;(3,90 €/LITRO)
Mantequilla sin sal Dia Láctea 250 g;2,39;(9,56 €/KILO)
Mantequilla con sal Dia Láctea 250 g;2,39;(9,56 €/KILO)
Mantequilla tradicional Central Lechera Asturiana tarrina 250 g;3,55;(14,20 €/KILO)
Mantequilla ligera fácil de untar Central Lechera Asturiana tarrina 250 g;3,65;(14,60 €/KILO)
Margarina Tulipán tarrina 400 g;2,65;(6,63 €/KILO)
Margarina ligera Diasol tarrina 500 g;1,45;(2,90 €/KILO)
Margarina vitaminada con sal Diasol tarrina 500 g;1,50;(3,00 €/KILO)
Margarina vitaminada Diasol tarrina 500 g;1,50;(3,00 €/KILO)
Margarina con sal Tulipán tarrina 400 g;2,65;(6,63 €/KILO)
Mantequilla con sal Dia Láctea tarrina 250 g;2,65;(10,60 €/KILO)
Margarina rica en omega 3 Flora tarrina 400 g;3,09;(7,73 €/KILO)
Margarina Natacha tarrina 450 g;1,49;(3,31 €/KILO)
Mantequilla ligera sin lactosa Central Lechera Asturiana tarrina 250 g;3,65;(14,60 €/KILO)
Margarina con un toque de aceite de oliva Flora tarrina 225 g;2,09;(9,29 €/KILO)
Margarina Proactiv tarrina 225 g;3,09;(13,73 €/KILO)
Mantequilla tradicional en rulo Central Lechera Asturiana 500 g;6,15;(12,30 €/KILO)
Nata para cocinar culinaria Dia lactea brik 3 x 200 ml;1,89;(3,15 €/LITRO)
Nata para cocinar 15% m.g Dia Láctea brik 500 ml;1,45;(2,90 €/LITRO)
Nata para montar Dia lactea brik 3 x 200 ml;2,39;(3,98 €/LITRO)
Nata montada Dia Láctea spray 250 g;1,99;(7,96 €/KILO)
Nata montada azucarada Central Lechera Asturiana spray 250 g;2,75;(11,00 €/KILO)
Nata para cocinar Central Lechera Asturiana brik 500 ml;2,75;(5,50 €/LITRO)
Leche evaporada Ideal brik 525 g;2,55;(4,86 €/KILO)
Leche evaporada sin lactosa Ideal brik 525 g;3,11;(5,92 €/KILO)
Nata para montar Central Lechera Asturiana brik 500 ml;2,75;(5,50 €/LITRO)
Nata para montar Central Lechera Asturiana brik 1 l;4,75;(4,75 €/LITRO)
Yogur griego stracciatella Fidias de Dia pack 6 x 125 g;2,19;(2,92 €/KILO)
Yogur griego natural Fidias de Dia pack 6 x 125 g;1,69;(2,25 €/KILO)
Yogur griego natural con azúcar de caña Fidias de Dia pack 6 x 125 g;1,56;(2,08 €/KILO)
Yogur griego Fidias de Dia vaso 1 Kg;2,27;(2,27 €/KILO)
Yogur griego con fresa Fidias de Dia pack 6 x 125 g;1,70;(2,27 €/KILO)
Yogur griego con nueces Fidias de Dia pack 4 x 125 g;1,65;(3,30 €/KILO)
Yogur griego con mora y frambuesa Fidias de Dia pack 4 x 125 g;1,65;(3,30 €/KILO)
Yogur griego natural con azúcar de caña Fidias de Dia tarrina 1 kg;2,27;(2,27 €/KILO)
Yogur griego natural ligero Fidias de Dia pack 6 x 125 g;1,47;(1,96 €/KILO)
Yogur griego natural Danone pack 4 x 110 g;1,41;(3,20 €/KILO)
Yogur griego stracciatella Danone vaso 4 x 110 g;1,41;(3,20 €/KILO)
Yogur griego con lima y limón Fidias de Dia pack 4 x 125 g;1,65;(3,30 €/KILO)
Yogur griego lima-limón Danone pack 4 x 110 g;1,41;(3,20 €/KILO)
Yogur griego con plátano y caramelo Fidias de Dia pack 4 x 125 g;1,79;(3,58 €/KILO)
Yogur griego con fresa Fidias de Dia pack 4 x 125 g;1,60;(3,20 €/KILO)
Yogur griego con manzana y canela Fidias de Dia pack 4 x 125 g;1,79;(3,58 €/KILO)
Yogur griego natural azucarado Oikos pack 4 x 110 g;2,64;(6,00 €/KILO)
Yogur griego stracciatella Oikos pack 4 x 110 g;2,60;(5,91 €/KILO)
Yogur griego sabor manzana y canela pack 4 x 120 g;1,60;(3,33 €/KILO)
Yogur griego con caramelo Oikos pack 2 x 110 g;1,69;(7,68 €/KILO)
Yogur griego natural Oikos pack 4 x 110 g;2,64;(6,00 €/KILO)
Yogur griego tarta de arándanos Oikos pack 2 x 110 g;1,69;(7,68 €/KILO)
Yogur griego con fresas Oikos pack 4 x 110 g;2,60;(5,91 €/KILO)
Yogur natural Dia Láctea pack 8 x 125 g;1,41;(1,41 €/KILO)
Yogur natural azucarado Dia Láctea pack 8 x 125 g;1,41;(1,41 €/KILO)
Yogur natural con azúcar de caña Dia Láctea pack 8 x 125 g;1,41;(1,41 €/KILO)
Yogur natural Danone pack 8 x 120 g;1,88;(1,96 €/KILO)
Yogur natural azucarado Danone pack 8 x 120 g;1,88;(1,96 €/KILO)
Yogur natural Danone pack 4 x 120 g;0,95;(1,98 €/KILO)
Yogur natural azucarado Danone pack 4 x 120 g;0,95;(1,98 €/KILO)
Yogur natural líquido con azúcar de caña Dia Láctea botella 1 Kg;1,37;(1,37 €/KILO)
Postre sin lactosa natural azucarado Dia Láctea pack 4 x 125 g;1,47;(2,94 €/KILO)
Postre lácteo natural alto en proteína Dia Láctea pack 4 x 120 g;1,28;(2,67 €/KILO)
Yogur natural Danone pack 2 x 130 g;1,94;(7,46 €/KILO)
Yogur natural de cabra Suerte Ampanera frasco 420 g;2,98;(7,10 €/KILO)
Yogur sabores Dia Láctea pack 16 x 125 g;2,54;(1,27 €/KILO)
Bebida de fresa Dia Láctea pack 12 x 100 g;2,26;(1,88 €/KILO)
Yogur sabor coco Dia Láctea pack 4 x 125 g;0,75;(1,50 €/KILO)
Yogur sabor limón Dia Láctea pack 4 x 125 g;0,75;(1,50 €/KILO)
Yogur con frutas Dia Láctea pack 8 x 125 g;1,99;(1,99 €/KILO)
Yogur sabor fresa y plátano Dia Láctea pack 8 x 125 g;1,50;(1,50 €/KILO)
Yogur sabor coco, fresa, frutos del bosque y macedonia Danone pack 8 x 120 g;1,88;(1,96 €/KILO)
Yogur líquido sabor fresa y plátano Dia Láctea botella 1 Kg;1,37;(1,37 €/KILO)
Yogur sabor galleta Dia Láctea pack 4 x 125 g;0,75;(1,50 €/KILO)
Yogur sabor macedonia Danone pack 4 x 120 g;0,95;(1,98 €/KILO)
Yogur sabor fresa Dia Láctea pack 4 x 125 g;0,75;(1,50 €/KILO)
Yogur sabor plátano Dia Láctea pack 4 x 125 g;0,75;(1,50 €/KILO)
Yogur sabor fresa, macedonia, limón y galleta Danone pack 8 x 120 g;1,88;(1,96 €/KILO)
Yogur líquido sabor fresa Dia Láctea botella 1 Kg;1,37;(1,37 €/KILO)
Yogur sabor coco Danone pack 4 x 125 g;0,95;(1,98 €/KILO)
Yogur sabor fresa Danone pack 4 x 120 g;0,95;(1,98 €/KILO)
Yogur cremoso con stracciatella Dia Láctea tarrina 1 Kg;2,35;(2,35 €/KILO)
Yogur líquido sabor fresa y plátano Dia Láctea pack 4 x 180 g;1,41;(1,96 €/KILO)
Yogur líquido sabor melocotón y maracuyá Dia Láctea botella 1 Kg;1,37;(1,37 €/KILO)
Yogur cremoso con melocotón y maracuyá Dia Láctea tarrina 1 Kg;2,35;(2,35 €/KILO)
Yogur líquido de fresa Dia Láctea pack 4 x 180 g;1,88;(2,61 €/KILO)
Yogur sabor limón Danone pack 4 x 125 g;0,95;(1,90 €/KILO)
Yogur líquido sabor piña y coco Dia Láctea botella 1 Kg;1,37;(1,37 €/KILO)
Postre sin lactosa sabor fresa Dia Láctea pack 4 x 125 g;1,47;(2,94 €/KILO)
Yogur con fresa Danone pack 2 x 130 g;1,88;(7,23 €/KILO)
Yogur cremoso con cereza y granola Dia Láctea vaso 230 g;1,41;(6,13 €/KILO)
Yogur desnatado líquido sabor fresa Dia Láctea botella 1 Kg;1,37;(1,37 €/KILO)
Yogur cremoso con fresa Dia Láctea tarrina 1 Kg;2,35;(2,35 €/KILO)
Yogur artesanal con frambuesa Pastoret vaso 125 g;0,84;(6,72 €/KILO)
Bebida con proteínas sabor mango Yopro botella 300 g;2,35;(7,83 €/KILO)
Yogur cremoso con naranja y granola Dia Láctea vaso 230 g;1,41;(6,13 €/KILO)
Yogur artesanal con melocotón y maracuyá Pastoret vaso 125 g;0,84;(6,72 €/KILO)
Bebida con proteínas sabor stracciatella Yopro botella 300 g;2,35;(7,83 €/KILO)
Petit de fresa y plátano Dia Láctea pack 6 x 50 g;0,99;(3,30 €/KILO)
Petit de fresa líquido Dia Láctea pack 4 x 80 g;1,93;(6,03 €/KILO)
Yogur de fresa líquido Danonino pack 4 x 70 g;2,35;(8,39 €/KILO)
Petit de fresa Dia Láctea pack 6 x 50 g;0,99;(3,30 €/KILO)
Petit de chocolate Nesquik pack 6 x 60 g;1,85;(5,14 €/KILO)
Yogur azucarado y trocitos de galleta con chocolate Nestlé pack 2 x 115 g;1,37;(5,96 €/KILO)
Petit de fresa Dia Láctea pack 4 x 100 g;1,31;(3,28 €/KILO)
Yogur con fresas y grageas de chocolate con leche Nestlé pack 2 x 128 g;1,37;(5,96 €/KILO)
Petit de fresa y plátano Danonino pack 6 x 50 g;1,44;(4,80 €/KILO)
Petit de fresa Danonino pack 6 x 50 g;1,47;(4,90 €/KILO)
Yogur azucarado y galleta con chocolate blanco Reina pack 2 x 143 g;1,79;(6,26 €/KILO)
Petit de fresa y plátano Dia Láctea pack 4 x 100 g;1,31;(3,28 €/KILO)
Yogur desnatado con frutas Dia Láctea pack 8 x 125 g;1,94;(1,94 €/KILO)
Yogur desnatado sabor limón, fresa y piña Dia Láctea pack 6 x 125 g;1,31;(1,75 €/KILO)
Yogur natural desnatado edulcorado Dia Láctea pack 6 x 125 g;1,03;(1,37 €/KILO)
Yogur natural desnatado Dia Láctea pack 6 x 125 g;1,03;(1,37 €/KILO)
Yogur desnatado sabor fresa zero Danone pack 4 x 120 g;1,22;(2,54 €/KILO)
Bebida de fresa y plátano/coco y piña L-Casei Dia pack 12 x 100 g;2,22;(1,48 €/KILO)
Yogur líquido de fresa L-Casei Dia pack 12 x 100 g;2,22;(1,48 €/KILO)
Cremoso desnatado con fresa Bífidus Dia pack 4 x 125 g;1,22;(2,44 €/KILO)
Cremoso desnatado con nueces y cereales Bífidus Dia pack 4 x 125 g;1,22;(2,44 €/KILO)
Cremoso con mango Bífidus Dia pack 4 x 125 g;1,22;(2,44 €/KILO)
Cremoso desnatado con fresa, kiwi, piña y ciruela Bífidus Dia pack 8 x 125 g;2,45;(2,45 €/KILO)
Cremoso desnatado con melocotón Bífidus Dia pack 4 x 125 g;1,22;(2,44 €/KILO)
Cremoso desnatado con piña y coco Bífidus Dia pack 4 x 125 g;1,22;(2,44 €/KILO)
Cremoso lima y limón Bífidus Dia pack 4 x 125 g;1,22;(2,44 €/KILO)
Cremoso desnatado con pera Bífidus Dia pack 4 x 125 g;1,22;(2,44 €/KILO)
Cremoso natural desnatado Bífidus Dia pack 8 x 125 g;1,88;(1,88 €/KILO)
Cremoso con fresa y nueces Bífidus Dia pack 4 x 125 g;1,22;(2,44 €/KILO)
Bebida natural L-Casei Dia pack 6 x 100 g;1,22;(2,03 €/KILO)
Bebida láctea natural Danacol pack 12 x 100 g;6,89;(5,74 €/KILO)
Cremoso natural Bífidus Dia pack 4 x 125 g;1,03;(2,06 €/KILO)
Cremoso desnatado con semillas, cereales y avellanas Bífidus Dia pack 4 x 125 g;1,22;(2,44 €/KILO)
Bebida láctea de fresa Danacol pack 12 x 100 g;6,89;(5,74 €/KILO)
Cremoso natural desnatado edulcorado Bífidus Dia pack 4 x 125 g;1,03;(2,06 €/KILO)
Bebida desnatada natural Actimel pack 12 x 100 g;5,66;(4,13 €/KILO)
Bebida de fresa y plátano Actimel pack 6 + 2 x 100 g;3,58;(5,97 €/KILO)
Cremoso con fibra y cereales Bífidus Dia pack 4 x 125 g;1,22;(2,44 €/KILO)
Yogur líquido de fresa Actimel pack 12 x 100 g;5,66;(4,13 €/KILO)
Bebida desnatada de fresa L-Casei Dia pack 6 x 100 g;1,28;(2,13 €/KILO)
Cremoso sabor vainilla Bífidus Dia pack 4 x 125 g;1,22;(2,44 €/KILO)
Cremoso con manzanas asadas Bífidus Dia pack 4 x 125 g;1,22;(2,44 €/KILO)
Bífidus natural desnatado edulcorado Activia vaso 8 x 120 g;3,79;(3,95 €/KILO)
Bífidus con avena y nueces Activia pack 4 x 115 g;2,99;(6,50 €/KILO)
Cremoso desnatado con ciruela y kiwi Bífidus Dia pack 4 x 125 g;1,22;(2,44 €/KILO)
Bífidus con frutos del bosque Activia pack 4 x 120 g;2,85;(5,94 €/KILO)
Bífidus natural Activia pack 8 x 120 g;3,79;(3,95 €/KILO)
Bebida láctea de fresa Danacol pack 6 x 100 g;4,25;(7,08 €/KILO)
Bífidus desnatado sabor mango Activia pack 4 x 115 g;1,89;(4,11 €/KILO)
Bífidus natural desnatado Activia pack 8 x 120 g;3,79;(3,95 €/KILO)
Bífidus cremoso sabor fresa Activia pack 4 x 115 g;1,89;(4,11 €/KILO)
Bífidus desnatado sabor vainilla Activia vaso 4 x 120 g;1,89;(3,94 €/KILO)
Bífidus desnatado con semillas chía y almendras Activia pack 4 x 115 g;2,54;(5,52 €/KILO)
Bífidus con mango Activia pack 4 x 120 g;2,85;(5,94 €/KILO)
Bebida natural Actimel pack 12 x 100 g;5,66;(4,13 €/KILO)
Bebida láctea natural Danacol pack 6 x 100 g;4,25;(7,08 €/KILO)
Bífidus natural Activia pack 4 x 120 g;2,79;(5,81 €/KILO)
Postre vegetal de soja sabor chocolate Vegedia pack 4 x 100 g;1,25;(3,13 €/KILO)
Postre de soja sabor vainilla Alpro vaso 400 g;2,05;(5,13 €/KILO)
Postre de soja con arándanos Alpro vaso 400 g;2,29;(5,73 €/KILO)
Postre vegetal de soja sabor vainilla Vegedia pack 4 x 100 g;1,49;(3,73 €/KILO)
Postre de soja sabor melocotón, piña y fruta de la pasión Alpro pack 4 x 125 g;1,99;(3,98 €/KILO)
Postre de soja sabor arándanos y frutos rojos Alpro pack 4 x 125 g;1,99;(3,98 €/KILO)
Postre vegetal de coco natural Alpro tarrina 350 g;2,59;(7,40 €/KILO)
Kéfir Dia Láctea vaso 500 g;1,50;(3,00 €/KILO)
Kéfir Pastoret tarrina 500 g;2,32;(4,64 €/KILO)
Kéfir desnatado Pastoret vaso 500 g;2,32;(4,64 €/KILO)
Postre de soja sabor mango Alpro vaso 400 g;2,59;(6,48 €/KILO)
Kéfir Activia vaso 345 g;1,88;(5,45 €/KILO)
Postre natural de soja con coco Alpro vaso 400 g;2,29;(5,73 €/KILO)
Postre de soja sabor frutos rojos Alpro vaso 400 g;2,59;(6,48 €/KILO)
Postre natural con avena Alpro vaso 400 g;2,29;(5,73 €/KILO)
Yogur de stracciatella alto en proteínas Dia Láctea pack 4 x 120 g;1,41;(2,94 €/KILO)
Kéfir de cabra Suerte Ampanera vaso 420 g;2,98;(7,10 €/KILO)
Postre natural desnatado rico en proteínas Reina vaso 180 g;0,84;(4,67 €/KILO)
Yogur de stracciatella alto en proteínas Dia Láctea pack 4 x 120 g;1,41;(2,94 €/KILO)
Mousse de cacao alta en proteínas Dia Láctea vaso 200 g;1,29;(6,45 €/KILO)
Postre lácteo natural alto en proteína Dia Láctea pack 4 x 120 g;1,28;(2,67 €/KILO)
Gelatina sabor frutas alto en proteínas Dia Láctea pack 4 x 100 g;1,59;(3,98 €/KILO)
Natillas sabor chocolate rico en proteínas Reina pack 4 x 125 g;2,79;(5,58 €/KILO)
Flan de huevo rico en proteí­nas Reina pack 2 x 160 g;1,99;(6,22 €/KILO)
Yogur desnatado de proteínas sabor stracciatella Danone pack 4 x 105 g;1,88;(4,48 €/KILO)
Natillas con caramelo alta en proteínas Dia Láctea tarrina 150 g;0,99;(6,60 €/KILO)
Preparado de queso quark con frambuesa alto en proteínas Dia Láctea tarrina 200 g;1,29;(6,45 €/KILO)
Postre lácteo natural alto en proteína Dia Láctea vaso 300 g;1,13;(3,77 €/KILO)
Preparado de queso quark con fresa alto en proteínas Dia Láctea tarrina 200 g;1,29;(6,45 €/KILO)
Natilla de chocolate alta en proteínas Valio tarrina 180 g;1,65;(9,17 €/KILO)
Yogur desnatado de proteínas sabor fresa Danone pack 4 x 105 g;1,88;(4,48 €/KILO)
Mousse de chocolate rico en proteínas Reina pack 2 x 100 g;1,95;(9,75 €/KILO)
Queso fresco batido rico en proteínas Granja Rinya tarrina 400 g;1,99;(4,98 €/KILO)
Natilla sabor vainilla alta en proteínas Dia Láctea tarrina 150 g;0,99;(6,60 €/KILO)
Postre sabor vainilla alta con proteínas Yopro pack 4 x 120 g;2,83;(5,90 €/KILO)
Preparado de queso quark con melocotón y maracuyá alto en proteínas Dia Láctea tarrina 200 g;1,29;(6,45 €/KILO)
Natillas de vainilla alta en proteínas Danone pack 4 x 120 g;2,29;(4,77 €/KILO)
Postre sabor arándanos alto con proteínas Yopro pack 4 x 120 g;2,83;(5,90 €/KILO)
Postre de soja fresa tipo skyr alto en proteína Alpro vaso 400 g;2,59;(6,48 €/KILO)
Bebida con proteínas sabor fresa Yopro botella 300 g;2,35;(7,83 €/KILO)
Mousse de chocolate y naranja alta en proteínas Valio vaso 150 g;1,65;(11,00 €/KILO)
Bebida con proteínas sabor vainilla Yopro botella 300 g;2,35;(7,83 €/KILO)
Postre de stracciatella enriquecido con proteínas Yopro pack 2 x 160 gr;2,64;(8,25 €/KILO)
Postre sabor vainilla desnatado enriquecido con proteínas Yopro pack 2 x 160 g;2,35;(7,34 €/KILO)
Flan de vainilla Caprichoso Dia pack 6 x 100 g;0,99;(1,65 €/KILO)
Natillas de vainilla con galleta Caprichoso Dia pack 4 x 125 g;1,25;(2,50 €/KILO)
Natillas sabor vainilla Caprichoso Dia pack 4 x 125 g;1,05;(2,10 €/KILO)
Copa de chocolate y nata Caprichoso Dia pack 4 x 115 g;1,35;(2,93 €/KILO)
Natillas de chocolate Caprichoso Dia pack 4 x 125 g;1,05;(2,10 €/KILO)
Flan de huevo con caramelo Caprichoso Dia pack 4 x 100 g;1,35;(3,38 €/KILO)
Flan de queso Caprichoso Dia pack 2 x 100 g;0,99;(4,95 €/KILO)
Copa de vainilla con caramelo y nata Caprichoso Dia pack 4 x 115 g;1,39;(3,02 €/KILO)
Crema de chocolate con bizcocho Caprichoso Dia pack 4 x 125 g;1,75;(3,50 €/KILO)
Crema bombón original Clesa pack 4 x 125 g;1,59;(3,18 €/KILO)
Natillas de chocolate Danet pack 4 x 120 g;1,99;(4,15 €/KILO)
Natillas con galleta Reina pack 4 x 125 g;1,65;(3,30 €/KILO)
Natillas de vainilla Danet pack 4 x 120 g;1,99;(4,15 €/KILO)
Copa de cacao y nata Caprichoso Dia vaso 200 g;0,79;(3,95 €/KILO)
Flan de huevo al baño maría Reina pack 6 x 100 g;2,95;(4,92 €/KILO)
Flan de café Caprichoso Dia pack 2 x 100 g;0,89;(4,45 €/KILO)
Natillas de vainilla sin azúcar Reina pack 4 x 125 g;1,79;(3,58 €/KILO)
Flan de huevo doble 0% Caprichoso Dia pack 2 x 100 g;0,85;(4,25 €/KILO)
Copa de chocolate de nata Danone pack 2 x 110 g;1,59;(7,23 €/KILO)
Natillas al huevo con manzana caramelizada Caprichoso Dia vaso 125 g;0,99;(7,92 €/KILO)
Natillas de chocolate alta en proteínas Dia Láctea tarrina 150 g;0,99;(6,60 €/KILO)
Natillas con caramelo alta en proteínas Dia Láctea tarrina 150 g;0,99;(6,60 €/KILO)
Flan de huevo al baño maría Dhul pack 4 x 110 g;2,65;(6,02 €/KILO)
Flan de huevo rico en proteí­nas Reina pack 2 x 160 g;1,99;(6,22 €/KILO)
Natillas sabor chocolate rico en proteínas Reina pack 4 x 125 g;2,79;(5,58 €/KILO)
Pudding sabor caramelo rico en proteínas Yopro tarrina 150 g;1,49;(9,93 €/KILO)
Natilla con sorpresa de chocolate y vainilla Dairy for fun tarrina 70 g;1,09;(15,57 €/KILO)
Pudding sabor chocolate rico en proteínas Yopro tarrina 180 g;1,49;(8,28 €/KILO)
Natilla sabor vainilla alta en proteínas Dia Láctea tarrina 150 g;0,99;(6,60 €/KILO)
Natillas de vainilla alta en proteínas Danone pack 4 x 120 g;2,29;(4,77 €/KILO)
Natilla de chocolate alta en proteínas Valio tarrina 180 g;1,65;(9,17 €/KILO)
Arroz con leche con canela Caprichoso Dia pack 4 x 125 g;1,35;(2,70 €/KILO)
Arroz con leche con canela Caprichoso Dia pack 2 x 125 g;1,49;(5,96 €/KILO)
Cuajada Caprichoso Dia pack 4 x 125 g;1,20;(2,40 €/KILO)
Cuajada sin azúcar Danone pack 2 x 135 g;1,49;(5,52 €/KILO)
Gelatina de fresa, limón y multifruta Caprichoso Dia pack 6 x 100 g;0,99;(1,65 €/KILO)
Mousse de chocolate con leche Caprichoso Dia pack 4 x 60 g;1,10;(4,58 €/KILO)
Gelatina de fresa Caprichoso Dia pack 6 x 100 g;0,99;(1,65 €/KILO)
Cheesecake Caprichoso Dia pack 2 x 90 g;1,56;(8,67 €/KILO)
Carrot cake Caprichoso Dia pack 2 x 90 g;1,49;(8,28 €/KILO)
Tarta de queso Caprichoso Dia tarrina 100 g;1,15;(11,50 €/KILO)
Tiramisú Caprichoso Dia pack 2 x 90 g;1,35;(7,50 €/KILO)
Gelatina sabor fresa sin azúcar Royal pack 4 x 90 g;1,79;(4,97 €/KILO)
Gelatina sabor frutas alto en proteínas Dia Láctea pack 4 x 100 g;1,59;(3,98 €/KILO)
Gelatina de arándanos Royal pack 4 x 90 g;1,79;(4,97 €/KILO)
Postre lácteo serradura Caprichoso Dia pack 2 x 85 g;1,49;(8,76 €/KILO)
Tocino de cielo Caprichoso Dia pack 2 x 100 g;1,49;(7,45 €/KILO)
Postre vegetal de chocolate Vegedia vaso 150 g;0,85;(5,67 €/KILO)
Postre vegetal de mango y piña con bebida de coco Vegedia vaso 150 g;0,85;(5,67 €/KILO)
Tarta de queso cremosa Dhul pack 2 x 100 g;2,19;(10,95 €/KILO)
Postre vegetal de arándano con bebida de coco Vegedia vaso 150 g;0,85;(5,67 €/KILO)
Postre lácteo natural alto en proteína Dia Láctea vaso 300 g;1,13;(3,77 €/KILO)
Mousse de chocolate rico en proteínas Reina pack 2 x 100 g;1,95;(9,75 €/KILO)
Postre vegetal de chocolate con cereza Vegedia vaso 150 g;0,85;(5,67 €/KILO)
Mousse de cacao alta en proteínas Dia Láctea vaso 200 g;1,29;(6,45 €/KILO)
Arroz extra Arrozona de Dia bolsa 1 Kg;1,33;(1,33 €/KILO)
Arroz largo de primera categoría Arrozona de Dia bolsa 1 Kg;1,41;(1,41 €/KILO)
Arroz basmati Selección Mundial de Dia paquete 1 Kg;2,35;(2,35 €/KILO)
Arroz redondo Al Punto Dia vaso 2 x 125 g;1,19;(4,76 €/KILO)
Arroz redondo SOS paquete 1 Kg;1,88;(1,88 €/KILO)
Arroz vaporizado Arrozona de Dia bolsa 1 Kg;1,65;(1,65 €/KILO)
Arroz redondo Brillante paquete 1 Kg;2,78;(2,78 €/KILO)
Arroz basmati Brillante vaso 2 x 125 g;1,34;(5,36 €/KILO)
Arroz vaporizado Brillante caja 1 Kg;2,05;(2,05 €/KILO)
Arroz integral Arrozona de Dia paquete 1 Kg;1,66;(1,66 €/KILO)
Arroz integral Brillante vaso 2 x 125 g;1,25;(5,00 €/KILO)
Arroz risotto Selección Mundial de Dia paquete 500 g;1,69;(3,38 €/KILO)
Arroz integral con quinoa Brillante vaso 2 x 125 g;1,49;(5,96 €/KILO)
Arroz integral SOS bolsa 1 Kg;2,05;(2,05 €/KILO)
Arroz bomba La fallera paquete 1 Kg;6,15;(6,15 €/KILO)
Arroz basmati Brillante vaso 400 g;2,43;(6,08 €/KILO)
Arroz redondo tradicional Brillante vaso 400 g;2,33;(5,83 €/KILO)
Mezcla de 3 arroces Arrozona de Dia bolsa 1 Kg;3,11;(3,11 €/KILO)
Arroz arborio risotto Riso scotti bolsa 500 g;1,87;(3,74 €/KILO)
Arroz basmati Tilda paquete 1 Kg;3,63;(3,63 €/KILO)
Macarrón Al Diante Dia bolsa 1 Kg;1,25;(1,25 €/KILO)
Espagueti Al Diante Dia bolsa 1 Kg;1,25;(1,25 €/KILO)
Espirales tricolor Al Diante Dia bolsa 500 g;0,89;(1,78 €/KILO)
Pasta de tiburones Al Diante Dia bolsa 500 g;0,80;(1,60 €/KILO)
Tallarines Al Diante Dia bolsa 500 g;0,80;(1,60 €/KILO)
Fideo cabellín Al Diante Dia bolsa 500 g;0,80;(1,60 €/KILO)
Macarrón Al Diante Dia bolsa 500 g;0,80;(1,60 €/KILO)
Espagueti Al Diante Dia bolsa 500 g;0,80;(1,60 €/KILO)
Tortiglioni Selección Mundial de Dia bolsa 500 g;1,35;(2,70 €/KILO)
Ñoquis bolitas de patata Gallo bolsa 400 g;1,49;(3,73 €/KILO)
Macarrón integral Al Diante Dia bolsa 500 g;1,21;(2,42 €/KILO)
Espagueti integral Al Diante Dia bolsa 500 g;1,21;(2,42 €/KILO)
Pluma rayada n 5 Al Diante Dia bolsa 500 g;0,80;(1,60 €/KILO)
Tagliata al huevo Al Diante Dia bolsa 500 g;1,41;(2,82 €/KILO)
Fideuá Al Diante Dia bolsa 500 g;0,80;(1,60 €/KILO)
Pluma nº 6 Gallo bolsa 450 g;1,39;(3,09 €/KILO)
Fideo grueso Al Diante Dia bolsa 500 g;0,80;(1,60 €/KILO)
Tallarines Gallo bolsa 450 g;1,39;(3,09 €/KILO)
Tortelloni de carne Gallo bolsa 200 g;1,49;(7,45 €/KILO)
Placas para lasaña El pavo caja 200 g;1,49;(7,45 €/KILO)
Pasta rigatoni nº31 La molisana bolsa 500 g;1,79;(3,58 €/KILO)
Sopa maravilla Al Diante Dia bolsa 500 g;0,80;(1,60 €/KILO)
Fusilli Selección Mundial de Dia bolsa 500 g;1,35;(2,70 €/KILO)
Hélices 100% de lenteja roja Gallo bolsa 250 g;1,89;(7,56 €/KILO)
Fideo entrefino Al Diante Dia bolsa 500 g;0,80;(1,60 €/KILO)
Tortellini relleno de jamón y queso Rana bolsa 250 g;3,09;(12,36 €/KILO)
Hélices con tomate y espinacas Gallo bolsa 450 g;1,79;(3,98 €/KILO)
Pasta fresca rellena con setas del bosque Gallo bandeja 250 g;2,96;(11,84 €/KILO)
Espagueti nº 5 Barilla caja 500 g;1,40;(2,80 €/KILO)
Pasta linguine Selección Mundial de Dia bolsa 500 g;1,35;(2,70 €/KILO)
Gnocchi de patata Selección Mundial de Dia bolsa 500 g;1,49;(2,98 €/KILO)
Fideo nº 0 Gallo bolsa 450 g;1,39;(3,09 €/KILO)
Pasta tagliatelle nido Garofalo bolsa 500 g;2,93;(5,86 €/KILO)
Pasta de estrellas Gallo bolsa 450 g;1,44;(3,20 €/KILO)
Pastafina hélices con tomate y espinacas Gallo bolsa 400 g;1,79;(4,48 €/KILO)
Espaguetis con tinta de calamar La molisana bolsa 500 g;3,88;(7,76 €/KILO)
Pasta radiatori Garofalo bolsa 500 g;1,77;(3,54 €/KILO)
Fideo nº 1 Gallo bolsa 450 g;1,39;(3,09 €/KILO)
Pasta fresca rellena con jamón ibérico Gallo bandeja 250 g;2,96;(11,84 €/KILO)
Tortellini relleno de 4 quesos Rana bolsa 250 g;3,09;(12,36 €/KILO)
Garbanzos extra Vegecampo de Dia bolsa 1 Kg;2,23;(2,23 €/KILO)
Garbanzo pedrosillano Vegecampo de Dia bolsa 1 Kg;1,94;(1,94 €/KILO)
Garbanzos cocidos extra Vegecampo de Dia frasco 400 g;0,75;(1,88 €/KILO)
Garbanzos cocidos extra Vegecampo de Dia frasco 210 g;0,65;(3,10 €/KILO)
Garbanzo cocido pedrosillano Vegecampo de Dia frasco 400 g;1,05;(2,63 €/KILO)
Garbanzos cocidos Luengo frasco 400 g;1,30;(3,25 €/KILO)
Garbanzos cocidos bajo contenido en sal Vegecampo de Dia frasco 400 g;1,05;(2,63 €/KILO)
Garbanzos con verduras cocidas Luengo frasco 400 g;1,45;(3,63 €/KILO)
Garbanzos Luengo bolsa 1 Kg;3,95;(3,95 €/KILO)
Garbanzos cocidos Legumbres La Asturiana frasco 210 g;1,20;(5,71 €/KILO)
Garbanzo de escacena cocido Luengo frasco 400 g;1,45;(3,63 €/KILO)
Garbanzo cocido ecológico Luengo frasco 400 g;1,99;(4,98 €/KILO)
Garbanzo pedrosillano Luengo bolsa 1 Kg;3,49;(3,49 €/KILO)
Garbanzo cocido Legumbres La Asturiana frasco 400 g;1,70;(4,25 €/KILO)
Garbanzos cocidos sin sal Legumbres La Asturiana frasco 400 g;1,75;(4,38 €/KILO)
Alubias blancas Vegecampo de Dia bolsa 1 Kg;2,49;(2,49 €/KILO)
Alubias pintas Vegecampo de Dia bolsa 1 Kg;2,50;(2,50 €/KILO)
Alubia negra Vegecampo de Dia bolsa 500 g;1,25;(2,50 €/KILO)
Alubias blancas extra Vegecampo de Dia frasco 400 g;0,69;(1,73 €/KILO)
Alubias rojas cocidas Vegecampo de Dia frasco 400 g;1,10;(2,75 €/KILO)
Judión cocido extra Vegecampo de Dia frasco 400 g;1,65;(4,13 €/KILO)
Alubias blancas con verduras Vegecampo de Dia frasco 400 g;1,19;(2,98 €/KILO)
Alubias pintas cocidas Vegecampo de Dia frasco 400 g;1,15;(2,88 €/KILO)
Alubias blancas extra Vegecampo de Dia frasco 210 g;0,62;(2,95 €/KILO)
Alubias blancas Luengo bolsa 1 Kg;3,91;(3,91 €/KILO)
Alubias blancas bajo contenido en sal Vegecampo de Dia frasco 400 g;0,95;(2,38 €/KILO)
Alubia cocida Luengo frasco 400 g;1,31;(3,28 €/KILO)
Alubia de la bañeza cocida Luengo frasco 400 g;1,45;(3,63 €/KILO)
Judión cocido Legumbres La Asturiana frasco 400 g;2,55;(6,38 €/KILO)
Alubia cocido sin sal Legumbres La Asturiana frasco 400 g;1,75;(4,38 €/KILO)
Alubias pintas cocidas Legumbres La Asturiana frasco 400 g;1,75;(4,38 €/KILO)
Alubias blancas cocidas Legumbres La Asturiana frasco 400 g;1,70;(4,25 €/KILO)
Lenteja pardina Vegecampo de Dia bolsa 1 Kg;2,14;(2,14 €/KILO)
Lenteja castellana Vegecampo de Dia bolsa 1 Kg;2,03;(2,03 €/KILO)
Lentejas cocidas Vegecampo de Dia frasco 400 g;0,80;(2,00 €/KILO)
Lenteja pardina Luengo bolsa 500 g;2,03;(4,06 €/KILO)
Lenteja pardina Luengo bolsa 1 Kg;3,79;(3,79 €/KILO)
Lentejas cocidas Vegecampo de Dia frasco 210 g;0,70;(3,33 €/KILO)
Lenteja pardina Legumbres La Asturiana bolsa 500 g;2,55;(5,10 €/KILO)
Lenteja pardina cocida Luengo frasco 400 g;1,45;(3,63 €/KILO)
Lenteja pardina Legumbres La Asturiana bolsa 1 Kg;5,00;(5,00 €/KILO)
Lenteja roja pelada Luengo caja 400 g;2,49;(6,23 €/KILO)
Quinoa blanca y roja Brillante vaso 2 x 125 g;1,59;(6,36 €/KILO)
Quinoa bolsa 500 g;2,75;(5,50 €/KILO)
Cous cous Gallo caja 500 g;2,09;(4,18 €/KILO)
Aceite refinado de girasol Diasol botella 1 l;1,79;(1,79 €/LITRO)
Aceite de oliva virgen La Almazara del Olivar de Dia botella 1 l;5,30;(5,30 €/LITRO)
Aceite de oliva virgen extra La Almazara del Olivar de Dia botella 1 l;6,15;(6,15 €/LITRO)
Aceite de oliva virgen extra La Almazara del Olivar de Dia garrafa 3 l;17,70;(5,90 €/LITRO)
Aceite de oliva suave La Almazara del Olivar de Dia botella 1 l;4,95;(4,95 €/LITRO)
Aceite refinado de girasol Diasol garrafa 5 l;8,70;(1,74 €/LITRO)
Aceite de orujo de oliva La Almazara del Olivar de Dia botella 1 l;3,99;(3,99 €/LITRO)
Aceite de girasol Koipe botella 1 l;2,71;(2,03 €/LITRO)
Aceite de oliva virgen La Almazara del Olivar de Dia garrafa 3 l;15,15;(5,05 €/LITRO)
Aceite de oliva suave La Almazara del Olivar de Dia botella 3 l;13,99;(4,66 €/LITRO)
Aceite de oliva virgen extra La Almazara del Olivar de Dia botella 750 ml;6,59;(8,79 €/LITRO)
Aceite de girasol alto oleico especial freidora de aire Diasol spray 200 ml;1,99;(9,95 €/LITRO)
Aceite de oliva intenso La Almazara del Olivar de Dia botella 3 l;13,99;(4,66 €/LITRO)
Aceite de oliva intenso La Almazara del Olivar de Dia botella 1 l;4,95;(4,95 €/LITRO)
Aceite de oliva suave La española botella 1 l;8,29;(8,29 €/LITRO)
Aceite de oliva virgen extra hojiblanca Coosur botella 1 l;9,99;(9,99 €/LITRO)
Aceite de oliva virgen extra Carbonell botella 1 l;9,99;(9,99 €/LITRO)
Aceite de oliva virgen extra Hojiblanca botella 500 ml;5,95;(11,90 €/LITRO)
(17,95 €/LITRO);Aceite de oliva suave La masía botella 1 l;7,69 €
(7,69 €/LITRO);Aceite de girasol La masía garrafa 5 l;10,49 €
(2,10 €/LITRO);Aceite de oliva virgen extra Hojiblanca botella 1 l;10,25 €
(10,25 €/LITRO);Aceite de oliva virgen extra Carbonell botella 750 ml;7,99 €
(10,65 €/LITRO);Aceite de semillas especial freidora de aire La española spray 200 ml;2,55 €
(12,75 €/LITRO);Aceite de oliva virgen extra Jaencoop botella 1 l;9,38 €
(9,38 €/LITRO);Aceite de oliva virgen extra Jaencoop botella 250 ml;3,49 €
(13,96 €/LITRO);Set aliño aceite de oliva y vinagre Capricho andaluz bolsa 1 unidad;2,15 €
(2,15 €/UNIDAD);Aceite de oliva virgen extra Dcoop garrafa 3 l;33,94 €
(11,31 €/LITRO);Aceite de orujo de oliva La masía botella 1 l;4,69 €
(4,69 €/LITRO);Aceite de girasol Coosol garrafa 5 l;12,45 €
(2,49 €/LITRO);Aceite de girasol especial para freír Koipe botella 1 l;2,81 €
(2,81 €/LITRO);Aceite de coco virgen extra bio Bio para todos frasco 225 ml;3,99 €
(17,73 €/LITRO);Aceite de oliva virgen Coosur botella 1 l;8,95 €
(8,95 €/LITRO);Aceite de oliva virgen extra y aroma de trufa La española spray 200 ml;3,49 €
(17,45 €/LITRO);Aceite de oliva intenso Carbonell botella 1 l;8,99 €
(8,99 €/LITRO);Aceite de oliva virgen extra a la trufa blanca La española botella 250 ml;3,69 €
(14,76 €/LITRO);Aceite de oliva intenso La Almazara del Olivar de Dia garrafa 5 l;28,00 €
(5,60 €/LITRO);(7,69/LITRO);Aceite de oliva suave Carbonell botella 1 l
8,99 €;(8,99/LITRO);Aceite de oliva virgen extra Dcoop botella 1 l
Vinagre de vino blanco Aliña tu Dia botella 1 l;0,65;(0,65 €/LITRO)
Vinagre balsámico de módena Selección Mundial de Dia botella 500 ml;2,39;(4,78 €/LITRO)
Crema de vinagre de módena Aliña tu Dia botella 250 ml;1,99;(7,96 €/LITRO)
Vinagre de manzana Aliña tu Dia botella 1 l;0,80;(0,80 €/LITRO)
Vinagre de jerez reserva D.O.P. Delicias de Dia botella 250 ml;1,99;(7,96 €/LITRO)
Aderezo de limón Aliña tu Dia botella 50 cl;0,99;(1,98 €/LITRO)
Zumo de limón concentrado Polenghi bote 200 ml;1,03;(5,15 €/LITRO)
Crema vinagre de módena sin azúcares añadidos Vulpi botella 400 ml;1,99;(4,98 €/LITRO)
Crema de vinagre de Módena con frambuesa Aliña tu Dia botella 220 ml;2,35;(10,68 €/LITRO)
Crema de vinagre con Pedro Ximénez Aliña tu Dia botella 220 ml;2,35;(10,68 €/LITRO)
Vinagre de manzana ecológico Riojavina botella 500 ml;2,35;(4,70 €/LITRO)
Vinagre balsámico de módena Borges botella 250 ml;2,39;(9,56 €/LITRO)
Vinagre de vino blanco Borges botella 1 l;1,35;(1,35 €/LITRO)
Vinagre de vino blanco Ybarra botella 1 l;1,05;(1,05 €/LITRO)
Vinagre de vino tinto Borges botella 1 l;1,35;(1,35 €/LITRO)
Vinagre de sidra Mayador botella 75 cl;2,79;(3,72 €/LITRO)
Vinagre de manzana Ybarra botella 1 l;1,95;(1,95 €/LITRO)
Tomate frito Vegecampo de Dia brik 3 x 390 g;1,40;(1,20 €/KILO)
Tomate triturado Vegecampo de Dia lata 390 g;0,63;(1,62 €/KILO)
Tomate frito Vegecampo de Dia brik 3 x 215 g;0,95;(1,47 €/KILO)
Tomate triturado Vegecampo de Dia lata 780 g;0,96;(1,01 €/KILO)
Tomate frito Vegecampo de Dia frasco 550 g;0,83;(1,51 €/KILO)
Tomate frito casero Vegecampo de Dia frasco 350 g;1,20;(3,43 €/KILO)
Pisto con aceite de oliva Vegecampo de Dia frasco 350 g;1,30;(3,71 €/KILO)
Tomate troceado Vegecampo de Dia lata 400 g;0,78;(1,95 €/KILO)
Tomate frito Orlando brik 3 x 212 g;1,99;(3,13 €/KILO)
Tomate frito receta tradicional Vegecampo de Dia frasco 550 g;2,06;(3,75 €/KILO)
Tomate frito con aceite de oliva Vegecampo de Dia brik 390 g;0,85;(2,18 €/KILO)
Tomate frito casero con aceite de oliva Hida lata 340 g;1,65;(4,85 €/KILO)
Tomate entero pelado Vegecampo de Dia lata 480 g;1,35;(2,81 €/KILO)
Tomate frito Orlando brik 350 g;1,00;(2,86 €/KILO)
Pisto de tomate frito con verduras Hida lata 340 g;1,99;(5,85 €/KILO)
Tomate frito estilo casero Solís frasco 350 g;1,99;(5,69 €/KILO)
Tomate frito Solís frasco 2 x 460 g;3,60;(3,91 €/KILO)
Tomate frito 0% azúcares añadidos Hida frasco 350 g;1,65;(4,71 €/KILO)
Tomate frito Solís brik 350 g;0,99;(2,83 €/KILO)
Tomate frito con aceite oliva Orlando brik 350 g;1,49;(4,26 €/KILO)
Sofrito tomate y cebolla Gallina Blanca frasco 325 g;2,39;(7,35 €/KILO)
Pisto casero 100% natural Gallina Blanca frasco 325 g;2,39;(7,35 €/KILO)
Tomate frito estilo casero Solís lata 3 x 100 g;2,15;(7,17 €/KILO)
Tomate frito con aceite de oliva Solís frasco 360 g;1,79;(4,97 €/KILO)
Tomate frito Helios frasco 570 g;1,99;(3,49 €/KILO)
Tomate frito sin sal Orlando brik 350 g;1,49;(4,26 €/KILO)
Tomate doble concentrado Hida bote 170 g;2,25;(13,24 €/KILO)
Sofrito casero de tomate y verduras Gallina Blanca frasco 325 g;2,39;(7,35 €/KILO)
Tomate frito ecológico Orlando frasco 340 g;2,19;(6,44 €/KILO)
Tomate triturado Orlando brik 510 g;1,99;(3,90 €/KILO)
Tomate frito Solís frasco 360 g;1,59;(4,42 €/KILO)
Tomate frito bio Vegecampo de Dia frasco 350 g;1,65;(4,71 €/KILO)
Tomate frito con aceite de oliva Helios frasco 560 g;2,50;(4,46 €/KILO)
Ketchup Salseo de Dia bote 560 g;1,19;(2,13 €/KILO)
Mayonesa Salseo de Dia frasco 450 ml;1,29;(2,87 €/LITRO)
Mayonesa Salseo de Dia bote 500 ml;1,49;(2,98 €/LITRO)
Salsa barbacoa Salseo de Dia bote 360 g;1,15;(3,19 €/KILO)
Salsa de soja Salseo de Dia frasco 250 ml;1,25;(5,00 €/LITRO)
Mostaza original Salseo de Dia bote 250 g;1,09;(4,36 €/KILO)
Salsa ali oli Chovi tarrina 180 g;1,35;(7,50 €/KILO)
Ketchup light Salseo de Dia bote 540 g;1,49;(2,76 €/KILO)
Salsa mayo sriracha Salseo de Dia bote 300 g;1,69;(5,63 €/KILO)
Ketchup Heinz bote 700 g;3,79;(5,41 €/KILO)
Salsa bechamel Al Diante Dia brik 500 ml;1,85;(3,70 €/LITRO)
Salsa de soja sin gluten Selección Mundial de Dia frasco 150 ml;1,69;(11,27 €/LITRO)
Mayonesa Salseo de Dia bote 300 ml;1,19;(3,97 €/LITRO)
Salsa pesto verde Al Diante Dia frasco 185 g;1,99;(10,76 €/KILO)
Salsa boloñesa Al Diante Dia frasco 300 g;1,69;(5,63 €/KILO)
Salsa de yogur Salseo de Dia bote 300 ml;1,16;(3,87 €/LITRO)
Mayonesa Ybarra frasco 400 ml;2,19;(5,48 €/LITRO)
Gran mayonesa Hellmanns frasco 450 ml;3,25;(7,22 €/LITRO)
Salsa napolitana Al Diante Dia frasco 300 g;1,59;(5,30 €/KILO)
Salsa ali-oli Ybarra frasco 225 ml;1,75;(7,78 €/LITRO)
Salsa pesto alla genovese Barilla frasco 190 g;2,49;(13,11 €/KILO)
Salsa ricotta Al Diante Dia frasco 300 g;1,59;(5,30 €/KILO)
Gran mayonesa Hellmanns frasco 225 ml;1,99;(8,84 €/LITRO)
Salsa para hamburguesas Salseo de Dia bote 300 g;1,50;(5,00 €/KILO)
Salsa cocktail Ybarra frasco 225 ml;1,75;(7,78 €/LITRO)
Salsa de pedro ximénez Salseo de Dia frasco 210 g;1,85;(8,81 €/KILO)
Salsa césar Salseo de Dia bote 300 ml;1,35;(4,50 €/LITRO)
Salsa teriyaki japonesa Blue dragon frasco 150 ml;2,49;(16,60 €/LITRO)
Ketchup clásico Prima bote 540 g;2,99;(5,54 €/KILO)
Salsa tikka masala Pataks frasco 450 g;3,35;(7,44 €/KILO)
Salsa sabor cheddar y bacon Orlando bote 245 g;2,19;(8,94 €/KILO)
Salsa ranchera Salseo de Dia bote 300 g;1,50;(5,00 €/KILO)
Salsa ligera Salseo de Dia frasco 450 ml;1,29;(2,87 €/LITRO)
Salsa pesto rojo Al Diante Dia frasco 185 g;1,99;(10,76 €/KILO)
Mayonesa casera Calvé frasco 430 ml;2,65;(6,16 €/LITRO)
Mayonesa picante Hellmanns bote 250 ml;2,29;(9,16 €/LITRO)
Salsa top down Ligeresa bote 430 ml;2,65;(6,16 €/LITRO)
Mayonesa Hellmanns bote 430 ml;3,49;(8,12 €/LITRO)
Salsa fina original Ligeresa frasco 210 ml;1,65;(7,86 €/LITRO)
Salsa picante Salsas Asturianas frasco 100 g;1,69;(16,90 €/KILO)
Sal marina de mesa fina Dia paquete 1 Kg;0,40;(0,40 €/KILO)
Ajo en polvo Vegecampo de Dia frasco 85 g;0,95;(11,18 €/KILO)
Orégano Vegecampo de Dia frasco 15 g;0,65;(43,33 €/KILO)
Hojas de laurel Dani bolsa 10 g;0,89;(89,00 €/KILO)
Cebolla en polvo Vegecampo de Dia frasco 60 g;0,94;(15,67 €/KILO)
Perejil Vegecampo de Dia frasco 18 g;0,79;(43,89 €/KILO)
Pimienta negra Vegecampo de Dia frasco 65 g;1,07;(16,46 €/KILO)
Pimentón dulce Vegecampo de Dia frasco 58 g;0,95;(16,38 €/KILO)
Sal marina yodada Dia paquete 1 Kg;0,40;(0,40 €/KILO)
Curry Vegecampo de Dia frasco 55 g;1,10;(20,00 €/KILO)
Canela molida Vegecampo de Dia frasco 45 g;0,87;(19,33 €/KILO)
Sal marina gruesa Dia paquete 1 Kg;0,40;(0,40 €/KILO)
Pimentón dulce de La Vera Vegecampo de Dia lata 75 g;1,85;(24,67 €/KILO)
Bicarbonato sódico Sal dia bolsa 1 Kg;1,50;(1,50 €/KILO)
Sal marina de mesa fina Dia bote 250 g;0,62;(2,48 €/KILO)
Sazonador pollo El avion frasco 110 g;2,85;(25,91 €/KILO)
Comino molido Vegecampo de Dia frasco 60 g;1,15;(19,17 €/KILO)
Canela en rama Vegecampo de Dia frasco 20 g;1,45;(72,50 €/KILO)
Molinillo pimienta negra Vegecampo de Dia frasco 46 g;1,17;(25,43 €/KILO)
Cúrcuma Vegecampo de Dia frasco 60 g;1,25;(20,83 €/KILO)
Pimentón ahumado dulce Vegecampo de Dia lata 75 g;1,40;(18,67 €/KILO)
Nuez moscada molida Vegecampo de Dia frasco 60 g;1,65;(27,50 €/KILO)
Azafrán en hebras Safrina caja 0.375 g;1,75;(4666,67 €/KILO)
Sazonador sabor Cheese Carmencita caja 13.5 g;1,49;(110,37 €/KILO)
Sal rosa del himalaya fina Toque bolsa 250 g;1,95;(7,80 €/KILO)
Sazonador ajo perejil Dani bote 25 g;1,69;(67,60 €/KILO)
Colorante alimentario Vegecampo de Dia frasco 75 g;0,84;(11,20 €/KILO)
Molinillo 4 pimientas Vegecampo de Dia frasco 42 g;1,55;(36,90 €/KILO)
Azafrán molido Pote caja 4 sobres 100 mg;2,75;(6875,00 €/KILO)
Albahaca Vegecampo de Dia frasco 20 g;1,25;(62,50 €/KILO)
Cayena entera Vegecampo de Dia frasco 20 g;1,01;(50,50 €/KILO)
Hierbas provenzales Vegecampo de Dia frasco 22 g;1,06;(48,18 €/KILO)
Pimentón picante Vegecampo de Dia frasco 58 g;1,25;(21,55 €/KILO)
Sal con yodo más flúor Costa paquete 1 Kg;0,85;(0,85 €/KILO)
Tomillo Vegecampo de Dia frasco 25 g;0,99;(39,60 €/KILO)
Sazonador patatas fritas El avion frasco 65 g;2,85;(43,85 €/KILO)
Jengibre molido Vegecampo de Dia frasco 50 g;1,60;(32,00 €/KILO)
Pimienta blanca molida Vegecampo de Dia frasco 65 g;1,95;(30,00 €/KILO)
Sal para hornear Dia paquete 2 Kg;1,25;(0,63 €/KILO)
Pimienta negra Toque frasco 40 g;2,95;(0,07 €/UNIDAD)
Atún en aceite de girasol Mari Marinera de Dia lata 6 x 52 g;3,75;(12,02 €/KILO)
Atún claro al natural Mari Marinera de Dia lata 6 x 60 g;4,20;(11,67 €/KILO)
Atún claro en aceite de oliva Mari Marinera de Dia lata 6 x 60 g;5,15;(14,31 €/KILO)
Atún en aceite de girasol Mari Marinera de Dia lata 650 g;6,45;(9,92 €/KILO)
Atún en aceite de oliva Mari Marinera de Dia lata 6 x 52 g;4,49;(14,39 €/KILO)
Trozos de atún en aceite de girasol Ribeira lata 3 x 52 g;1,79;(11,47 €/KILO)
Filetes de caballa del sur en aceite de oliva Mari Marinera de Dia lata 85 g;1,69;(19,88 €/KILO)
Atún al natural Mari Marinera de Dia pack 3 x 56 g;1,99;(11,85 €/KILO)
Filetes de caballa del sur en aceite de girasol Mari Marinera de Dia lata 85 g;1,39;(16,35 €/KILO)
Bonito del norte en aceite de oliva Mari Marinera de Dia lata 73 g;1,99;(27,26 €/KILO)
Atún claro en aceite de oliva bajo en sal Mari Marinera de Dia lata 3 x 60 g;3,00;(16,67 €/KILO)
Atún en aceite de oliva Mari Marinera de Dia lata 3 x 52 g;2,45;(15,71 €/KILO)
Bonito del Norte MSC en aceite de oliva Mari Marinera de Dia frasco 140 g;4,55;(32,50 €/KILO)
Atún claro en escabeche Mari Marinera de Dia lata 6 x 60 g;4,70;(13,06 €/KILO)
Atún en aceite de girasol Mari Marinera de Dia lata 3 x 52 g;2,10;(13,46 €/KILO)
Atún claro en aceite de oliva Calvo lata 6 x 52 g;7,85;(25,16 €/KILO)
Atún claro en aceite de oliva Mari Marinera de Dia lata 3 x 60 g;2,99;(16,61 €/KILO)
Atún claro en aceite de girasol Calvo lata 3 x 52 g;3,50;(22,44 €/KILO)
Atún claro al natural Calvo lata 6 x 56 g;6,69;(19,91 €/KILO)
Filetes de caballa del sur en aceite de girasol Ubago lata 65 g;1,55;(23,85 €/KILO)
Atún claro en aceite de oliva Calvo lata 3 x 52 g;4,45;(28,53 €/KILO)
Atún en aceite girasol Isabel lata 3 x 52 g;3,29;(21,09 €/KILO)
Atún en tomate Mari Marinera de Dia lata 3 x 52 g;2,10;(13,46 €/KILO)
Ventresca de atún claro en aceite de oliva Mari Marinera de Dia lata 78 g;3,30;(42,31 €/KILO)
Bonito del Norte en escabeche Mari Marinera de Dia lata 140 g;3,30;(23,57 €/KILO)
Trozos de bonito del Norte MSC Mari Marinera de Dia lata 3 x 52 g;2,69;(17,24 €/KILO)
Bonito del norte en aceite de oliva MSC Campos lata 60 g;1,90;(31,67 €/KILO)
Bonito del Norte en aceite de girasol alto oleico Realmar frasco 228 g;5,95;(26,10 €/KILO)
Atún en aceite de oliva Ribeira lata 650 g;8,80;(13,54 €/KILO)
Atún en aceite de girasol Isabel lata 260 g;5,95;(22,88 €/KILO)
Atún claro en aceite de girasol Mari Marinera de Dia frasco 228 g;4,95;(21,71 €/KILO)
Atún claro en aceite de oliva Albo lata 67 g;2,39;(35,67 €/KILO)
Bonito en aceite de girasol alto oleico Consorcio lata 80 g;2,95;(36,88 €/KILO)
Atún en aceite de girasol Isabel lata 6 x 52 g;5,95;(19,07 €/KILO)
Atún con tomate Isabel lata 3 x 52 g;3,19;(20,45 €/KILO)
Atún claro en aceite de oliva bajo en sal Calvo lata 3 x 52 g;4,45;(28,53 €/KILO)
Ventresca de atún claro en aceite de oliva Ribeira lata 73 g;3,85;(52,74 €/KILO)
Bonito en aceite de girasol alto oleico Mari Marinera de Dia frasco 228 g;5,89;(25,83 €/KILO)
Atún claro en aceite de girasol Calvo lata 2 x 52 g;1,50;(14,42 €/KILO)
Atún claro en aceite de girasol Albo lata 67 g;1,95;(29,10 €/KILO)
Berberechos al natural Dani lata 63 g;3,29;(52,22 €/KILO)
Berberechos al natural 60/90 piezas Mari Marinera de Dia lata 63 g;2,89;(45,87 €/KILO)
Berberechos al natural Dani lata 90 g;3,89;(43,22 €/KILO)
Berberechos al natural 55/65 piezas Baymar lata 63 g;4,59;(72,86 €/KILO)
Mejillones en escabeche Mari Marinera de Dia lata 3 x 43 g;2,35;(18,22 €/KILO)
Mejillones en escabeche 8/12 piezas Mari Marinera de Dia lata 69 g;2,50;(36,23 €/KILO)
(29,38 €/KILO);Mejillones en escabeche 14/18 piezas Mari Marinera de Dia lata 69 g;1,85 €
(26,81 €/KILO);Mejillones en escabeche 13/18 piezas Calvo lata 69 g;2,49 €
(36,09 €/KILO);Mejillones en escabeche picantes 14/18 piezas Mari Marinera de Dia lata 69 g;1,89 €
(27,39 €/KILO);Mejillones al natural 14/18 piezas Mari Marinera de Dia lata 69 g;1,85 €
(26,81 €/KILO);(16,39/KILO);Mejillones en salsa vieira 13/18 piezas Mari Marinera de Dia lata 69 g
1,89 €;(27,39/KILO);Mejillones picantes 13/18 piezas Isabel lata 69 g
2,25 €;(32,61/KILO);Mejillones en escabeche 8/12 piezas Isabel lata 69 g
4,55 €;(65,94/KILO);Mejillones en escabeche 13/18 piezas Isabel lata 69 g
2,29 €;(33,19/KILO);Mejillones en salsa vieira 13/18 piezas Isabel lata 69 g
2,25 €;(32,61/KILO);Mejillones en escabeche 6/8 piezas lata 69 g
4,95 €;(71,74/KILO);Mejillones en escabeche pequeños Isabel lata 69 g
Sardinillas en aceite de oliva Mari Marinera de Dia lata 2 x 62 g;1,91;(15,40 €/KILO)
Sardinillas en tomate Mari Marinera de Dia lata 62 g;0,95;(15,32 €/KILO)
Sardinillas en aceite de oliva bajo en sal Mari Marinera de Dia lata 2 x 65 g;2,05;(15,77 €/KILO)
Sardinas en aceite de oliva Mari Marinera de Dia lata 85 g;1,05;(12,35 €/KILO)
Sardinillas en aceite de girasol Mari Marinera de Dia lata 2 x 65 g;1,69;(13,00 €/KILO)
Sardinillas en aceite picante Mari Marinera de Dia lata 62 g;0,95;(15,32 €/KILO)
Sardinas picantonas Albo lata 85 g;2,15;(25,29 €/KILO)
Sardinillas en escabeche Mari Marinera de Dia lata 65 g;0,95;(14,62 €/KILO)
Sardinas en tomate Mari Marinera de Dia lata 85 g;0,95;(11,18 €/KILO)
Sardinas en aceite de oliva Albo lata 85 g;2,15;(25,29 €/KILO)
Sardinillas en aceite de oliva bajo en sal Calvo lata 60 g;1,89;(31,50 €/KILO)
Sardinillas en aceite de oliva 8/12 piezas Albo lata 82 g;2,45;(29,88 €/KILO)
Sardinas en aceite de oliva Cuca lata 85 g;2,45;(28,82 €/KILO)
Sardinillas en aceite picante Ribeira lata 60 g;1,00;(16,67 €/KILO)
Sardinilla aceite oliva Cuca lata 63 g;2,79;(44,29 €/KILO)
Filetes de sardina en aceite de oliva Minerva lata 85 g;3,49;(41,06 €/KILO)
Potón en salsa americana Mari Marinera de Dia lata 3 x 51 g;2,29;(11,23 €/KILO)
Potón en su tinta Mari Marinera de Dia lata 3 x 51 g;2,69;(17,58 €/KILO)
Melva en aceite de oliva Mari Marinera de Dia lata 85 g;2,09;(24,59 €/KILO)
Tacos de potón al ajillo Mari Marinera de Dia lata 72 g;1,65;(22,92 €/KILO)
Almejones al natural Mari Marinera de Dia lata 63 g;1,20;(19,05 €/KILO)
Zamburiñas en salsa vieira Mari Marinera de Dia lata 63 g;1,95;(30,95 €/KILO)
Maravillas de mar al ajillo Mari Marinera de Dia lata 50 g;1,55;(31,00 €/KILO)
Chipirones rellenos en su tinta Lamberti lata 72 g;2,45;(34,03 €/KILO)
Calamares en su tinta Albo lata 72 g;2,69;(37,36 €/KILO)
Chipirones rellenos en salsa americana Mari Marinera de Dia lata 72 g;2,49;(34,58 €/KILO)
Almejas blancas del norte al natural Dani lata 90 g;2,15;(23,89 €/KILO)
Trozos de calamares en salsa americana Albo lata 72 g;2,69;(37,36 €/KILO)
Melva en aceite de girasol Ubago lata 85 g;2,65;(31,18 €/KILO)
Lomos de bacalao en aceite de oliva Mari Marinera de Dia frasco 100 g;3,99;(39,90 €/KILO)
(41,11 €/KILO);Melva en aceite de oliva Ubago lata 85 GR;2,85 €
(33,53 €/KILO);Concha fina al natural Ubago lata 55 GR;2,39 €
(43,45 €/KILO);Navajuelas al natural Mari Marinera de Dia lata 63 g;2,30 €
(36,51 €/KILO);Almejas al natural Dani lata 63 g;2,45 €
(38,89 €/KILO);Chipirones rellenos en su tinta Mari Marinera de Dia lata 72 g;2,49 €
Maíz dulce Vegecampo de Dia lata 3 x 140 g;1,60;(3,81 €/KILO)
Pimientos del piquillo en tiras con ajo Vegecampo de Dia frasco 225 g;1,10;(4,89 €/KILO)
Judías verdes cortadas categoría extra Vegecampo de Dia frasco 360 g;1,25;(3,47 €/KILO)
Champiñones laminados Vegecampo de Dia lata 185 g;1,00;(5,41 €/KILO)
Judías verdes redondas Vegecampo de Dia frasco 360 g;1,25;(3,47 €/KILO)
Patatas cocidas enteras Vegecampo de Dia frasco 400 g;2,05;(5,13 €/KILO)
Macedonia de verdura Vegecampo de Dia frasco 325 g;0,91;(2,80 €/KILO)
Espárragos blancos cortos y delgados Vegecampo de Dia frasco 110 g;1,50;(13,64 €/KILO)
Maíz dulce Vegecampo de Dia lata 3 x 70 g;1,25;(5,95 €/KILO)
Ensalada china Vegecampo de Dia frasco 180 g;1,20;(6,67 €/KILO)
Pimientos del piquillo enteros al natural Vegecampo de Dia frasco 260 g;1,37;(5,27 €/KILO)
Champiñones laminados Vegecampo de Dia lata 2 x 105 g;1,69;(8,05 €/KILO)
Guisantes medianos Vegecampo de Dia lata 3 x 130 g;2,00;(5,13 €/KILO)
Corazones de alcachofas Vegecampo de Dia frasco 330 g;2,80;(8,48 €/KILO)
Espárragos blancos medianos extra Vegecampo de Dia frasco 205 g;1,95;(9,51 €/KILO)
Remolacha en rodajas Vegecampo de Dia frasco 180 g;0,99;(5,50 €/KILO)
Zanahoria en tiras Vegecampo de Dia frasco 180 g;0,85;(4,72 €/KILO)
Tomate seco en aceite Vegecampo de Dia frasco 110 g;2,25;(20,45 €/KILO)
Corazones de alcachofa Vegecampo de Dia lata 240 g;1,85;(7,71 €/KILO)
Pimientos asados en tiras Joyas del valle lata 3 x 60 g;1,95;(10,83 €/KILO)
Ratatouille con berenjena, calabacín y pimiento Bonduelle lata 375 g;3,99;(6,38 €/KILO)
Corazones de alcachofas Vegecampo de Dia frasco 115 g;1,75;(15,22 €/KILO)
Espárragos blancos muy gruesos 6/9 piezas Vegecampo de Dia frasco 325 g;3,00;(9,23 €/KILO)
Yemas de espárragos delgados Vegecampo de Dia frasco 110 g;1,45;(13,18 €/KILO)
Pimientos del piquillo rojo y verde en tiras Vegecampo de Dia frasco 270 g;1,80;(6,55 €/KILO)
Acelgas Vegecampo de Dia frasco 425 g;1,75;(4,12 €/KILO)
Surtido de setas Vegecampo de Dia frasco 160 g;1,49;(9,31 €/KILO)
Pimientos rojos Diamir lata 3 x 60 g;2,15;(11,94 €/KILO)
Espárragos verdes delgados Vegecampo de Dia frasco 100 g;1,55;(15,50 €/KILO)
Guisantes con zanahorias Vegecampo de Dia lata 3 x 130 g;2,49;(6,38 €/KILO)
Guisantes muy finos Vegecampo de Dia lata 250 g;0,90;(3,60 €/KILO)
Espinacas Vegecampo de Dia frasco 425 g;1,55;(3,65 €/KILO)
Guisantes muy finos Bonduelle lata 3 x 130 g;3,59;(8,55 €/KILO)
Yemas de espárragos muy gruesos Vegecampo de Dia frasco 110 g;1,99;(18,09 €/KILO)
Maíz dulce pack Celorrio lata 3 x 140 g;1,99;(4,74 €/KILO)
Pimientos de piquillo D.O.P. de Lodosa Delicias de Dia frasco 220 g;3,39;(15,41 €/KILO)
Cebolla frita Hida lata 2 x 155 g;2,49;(8,03 €/KILO)
Champiñones enteros Vegecampo de Dia lata 185 g;1,45;(7,84 €/KILO)
Corazones de alcachofas Vegecampo de Dia frasco 165 g;1,79;(10,85 €/KILO)
Maíz dulce Vegecampo de Dia lata 285 g;1,09;(3,82 €/KILO)
Puré de patatas Patatas Unidas Dia caja 500 g;2,00;(4,00 €/KILO)
Caldo de pollo Al Punto Dia caja 24 unidades;1,30;(0,05 €/UNIDAD)
Caldo de pescado Al Punto Dia caja 12 unidades;0,85;(0,07 €/UNIDAD)
Sopa de pollo con fideos Gallina Blanca sobre 71 g;0,85;(11,97 €/KILO)
Sopa de pollo con fideos Al Punto Dia sobre 71 g;0,65;(9,15 €/KILO)
Caldo de pescado Knorr caja 12 unidades;1,69;(0,14 €/UNIDAD)
Noodles orientales sabor pollo Al Punto Dia vaso 65 g;0,85;(13,08 €/KILO)
Caldo de verduras Al Punto Dia caja 12 unidades;0,85;(0,07 €/UNIDAD)
Sopa maravilla Al Punto Dia sobre 90 g;0,65;(7,22 €/KILO)
Sopa de ternera con estrellitas Gallina Blanca sobre 74 g;0,85;(11,49 €/KILO)
Pastillas de caldo de pollo Gallina Blanca Avecrem caja 8 unidades;1,00;(0,13 €/UNIDAD)
Sopa de cocido con fideos Gallina Blanca sobre 72 g;0,85;(11,81 €/KILO)
Caldo de carne Knorr caja 18 unidades;1,99;(0,11 €/UNIDAD)
Caldo sabor a carne Al Punto Dia caja 24 unidades;1,75;(0,07 €/UNIDAD)
Hierbas provenzales Maggi sobre 34 g;1,19;(29,41 €/KILO)
Sopa de pollo con maravilla Gallina Blanca sobre 85 g;0,85;(10,00 €/KILO)
Crema de pollo con picatostes Gallina Blanca Sopinstant caja 63 g;1,49;(23,65 €/KILO)
Sopa de cebolla Knorr sobre 54 g;0,99;(18,33 €/KILO)
Pastillas de caldo de pollo Gallina Blanca Avecrem caja 24 unidades;2,95;(0,12 €/UNIDAD)
Noodles sabor gamba Al Punto Dia sobre 85 g;0,89;(10,47 €/KILO)
Sopa de ave con fideos Gallina Blanca sobre 76 g;0,85;(11,18 €/KILO)
Pasta oriental fusian sabor pollo Maggi sobre 71 g;0,99;(13,94 €/KILO)
Noodles orientales sabor verduras Al Punto Dia vaso 65 g;0,85;(13,08 €/KILO)
Fideos orientales yakisoba pollo Gallina Blanca Yatekomo vaso 93 g;1,95;(20,97 €/KILO)
Sopa jardinera Gallina Blanca sobre 71 g;0,85;(11,04 €/KILO)
Fideos orientales yakisoba Gallina Blanca Yatekomo bolsa 93 g;1,59;(17,10 €/KILO)
Sopa de pollo con fideos finos bajo en sal Gallina Blanca sobre 68 g;0,85;(12,50 €/KILO)
Sopa de verduras Gallina Blanca sobre 51 g;0,85;(16,67 €/KILO)
Caldo vegetal Knorr caja 12 unidades;1,69;(0,14 €/UNIDAD)
Crema de espárragos Gallina Blanca Sopinstant caja 57 g;1,49;(26,14 €/KILO)
Caldo de pollo 100% natural Gallina Blanca Avecrem caja 10 unidades;1,65;(0,17 €/UNIDAD)
Sopa de verduras con picatostes Gallina Blanca Sopinstant caja 51 g;1,49;(29,22 €/KILO)
Fideos orientales yakisoba Gallina Blanca Yatekomo vaso 93 g;1,95;(20,97 €/KILO)
Puré de patatas con leche Mousline caja 230 g;2,69;(11,70 €/KILO)
Fideos orientales yakisoba pollo Gallina Blanca Yatekomo bolsa 93 g;1,59;(17,10 €/KILO)
Crema de champiñones Knorr sobre 62 g;1,19;(19,19 €/KILO)
Caldo de pollo casero Al Punto Dia brik 1 l;0,70;(0,70 €/LITRO)
Caldo casero de pollo 100% natural Gallina Blanca brik 1 l;2,20;(2,20 €/LITRO)
Crema de calabaza Al Punto Dia brik 500 ml;1,00;(2,00 €/LITRO)
Crema de calabacín con queso Al Punto Dia brik 500 ml;1,00;(2,00 €/LITRO)
Crema de verduras Al Punto Dia brik 500 ml;1,00;(2,00 €/LITRO)
Caldo de cocido Al Punto Dia brik 1 l;0,90;(0,90 €/LITRO)
Caldo de verduras Al Punto Dia brik 1 l;1,15;(1,15 €/LITRO)
(1,00 €/LITRO);Caldo para paella Al Punto Dia brik 1 l;2,10 €
(2,10 €/LITRO);Caldo casero de verduras Gallina Blanca brik 1 l;2,20 €
(2,20 €/LITRO);Crema de zanahoria, calabaza y guisantes Knorr brik 500 ml;2,29 €
(4,58 €/LITRO);Caldo de pollo 100% natural Gallina Blanca brik 2 x 1 l;4,19 €
(2,10 €/LITRO);Crema de bogavante y cigalas Knorr brik 500 ml;3,29 €
(6,58 €/LITRO);Caldo de cocido 100% natural Gallina Blanca brik 2 x 1 l;4,19 €
(2,10 €/LITRO);Caldo natural de pollo Gallo brik 1 l;1,99 €
(1,99 €/LITRO);Caldo natural de pollo Aneto brik 1 l;4,35 €
(4,35 €/LITRO);Caldo de pescado gourmet Gallina Blanca brik 1 l;2,99 €
(2,99 €/LITRO);Caldo de pollo fresco con hortalizas 100% natural Al Punto Dia brik 1 l;1,75 €
(1,75 €/LITRO);Crema de verduras mediterráneas Knorr caja 500 ml;2,25 €
(4,50 €/LITRO);Fumet de pescado Gallina Blanca brik 1 l;3,45 €
(3,45 €/LITRO);Caldo natural de pollo Aneto brik 500 ml;1,50 €
(3,00 €/LITRO);Caldo de pollo bajo en sal Al Punto Dia brik 1 l;1,20 €
(1,20 €/LITRO);Crema de puerro y patata Knorr sobre 500 ml;2,29 €
(4,58 €/LITRO);Caldo casero de pollo y 8 verduras Gallina Blanca brik 1 l;2,20 €
(2,20 €/LITRO);Caldo casero de puchero Gallina Blanca brik 1 l;2,20 €
(2,20 €/LITRO);Caldo natural de pollo con jamón ibérico Gallo brik 1 l;1,99 €
(1,99 €/LITRO);Caldo para paella de marisco Gallina Blanca brik 1 l;3,49 €
(3,49 €/LITRO);Caldo natural de cocido Gallo brik 1 l;1,99 €
(1,99 €/LITRO);Caldo de pollo bajo en sal 100% natural Gallina Blanca brik 1 l;2,20 €
(2,20 €/LITRO);Crema de verduras de la huerta Knorr sobre 500 ml;2,29 €
(4,58 €/LITRO);Caldo ramen de pollo Itsu brik 500 ml;2,95 €
(5,90 €/LITRO);Caldo casero de cocido 100% natural Gallina Blanca brik 1 l;2,20 €
(2,20 €/LITRO);Caldo de carne 100% natural Gallina Blanca brik 1 l;2,20 €
(2,20 €/LITRO);Crema casera de pollo con verduras Gallina Blanca brik 500 ml;1,99 €
(3,98 €/LITRO);Caldo gourmet de pollo con jamón Gallina Blanca brik 1 l;2,99 €
(2,99 €/LITRO);Caldo gourmet de pollo Gallina Blanca brik 1 l;2,99 €
(2,99 €/LITRO);Caldo natural de verduras Gallo brik 1 l;1,99 €
(1,99 €/LITRO);Caldo de pescado 100% natural Gallina Blanca brik 1 l;2,20 €
(2,20 €/LITRO);Crema de calabaza Al Punto Dia botella 490 ml;2,59 €
Pan de molde formato familiar El molino de Dia bolsa 820 g;1,25;(1,52 €/KILO)
Pan de molde blanco sin corteza El molino de Dia bolsa 450 g;1,20;(2,67 €/KILO)
Pan de molde 100% integral familiar El molino de Dia bolsa 820 g;1,25;(1,52 €/KILO)
Pan de molde formato familiar Bimbo bolsa 700 g;2,35;(3,36 €/KILO)
Tortillas trigo Al Punto Dia bolsa 320 g;1,25;(3,91 €/KILO)
Pan de hamburguesas Bimbo bolsa 300 g;2,35;(7,83 €/KILO)
Pan de hamburguesa maxi El molino de Dia bolsa 300 g;0,90;(3,00 €/KILO)
Panecillos para perritos El molino de Dia bolsa 330 g;0,95;(2,16 €/KILO)
Pan de hamburguesa brioche El molino de Dia bolsa 300 g;1,69;(5,63 €/KILO)
Pan de molde 100% integral sin corteza El molino de Dia bolsa 450 g;1,29;(2,87 €/KILO)
Pan de molde blanco El molino de Dia bolsa 460 g;0,85;(1,85 €/KILO)
Hogaza de centeno y avena El molino de Dia bolsa 500 g;2,05;(4,10 €/KILO)
Pan integral multicereales para sándwich El molino de Dia bolsa 310 g;1,49;(4,81 €/KILO)
Pan de molde integral 15 cereales y semillas El molino de Dia bolsa 675 g;1,69;(2,50 €/KILO)
Pan hot dog rústico El molino de Dia bolsa 330 g;1,39;(4,21 €/KILO)
Tortilla integral Al Punto Dia bolsa 320 g;1,65;(5,16 €/KILO)
Chapata de cristal 2 unidades bolsa 190 g;1,71;(9,00 €/KILO)
Pan de molde 100% integral El molino de Dia bolsa 460 g;0,95;(2,07 €/KILO)
Pan de molde especial tostadas El molino de Dia bolsa 820 g;1,79;(2,18 €/KILO)
Pan brioche Selección Mundial de Dia bolsa 500 g;2,79;(5,58 €/KILO)
Pan de molde alto en proteínas El molino de Dia bolsa 400 g;2,19;(5,48 €/KILO)
Hogaza de centeno El molino de Dia bolsa 500 g;2,05;(4,10 €/KILO)
Pan de molde masa madre The rustik bakery bolsa 400 g;2,99;(7,48 €/KILO)
Mollete de Antequera El molino de Dia bolsa 280 g;1,18;(4,21 €/KILO)
Pan de molde rústico El molino de Dia bolsa 600 g;1,75;(2,92 €/KILO)
Pan de molde artesano Bimbo bolsa 550 g;2,99;(5,98 €/KILO)
Pan de hamburguesa El molino de Dia bolsa 220 g;0,99;(4,50 €/KILO)
Hogaza con pipas de calabaza El molino de Dia bolsa 500 g;2,05;(4,10 €/KILO)
Pan de pita precocido Star bolsa 400 g;2,25;(5,63 €/KILO)
Pan de molde masa madre con cereales The rustik bakery bolsa 400 g;2,99;(7,48 €/KILO)
Pan de molde blanco sin corteza Bimbo bolsa 450 g;2,59;(5,76 €/KILO)
Tortillas de trigo para burrito Mexifoods bolsa 370 g;2,49;(6,73 €/KILO)
Pan de molde natural 100% integral Bimbo bolsa 360 g;2,59;(7,19 €/KILO)
Pan de molde reduce colesterol El molino de Dia bolsa 480 g;2,49;(4,06 €/KILO)
Pan de molde blanco grande Bimbo bolsa 430 g;1,59;(3,70 €/KILO)
Chapata sin gluten El molino de Dia bolsa 120 g;1,55;(12,92 €/KILO)
Pan de molde sin gluten El molino de Dia bolsa 280 g;1,99;(7,11 €/KILO)
Bagels con semillas Bimbo bolsa 300 g;2,95;(9,83 €/KILO)
Pan de molde con semillas sin gluten El molino de Dia bolsa 280 g;1,99;(7,11 €/KILO)
Tortillas wraps Old El Paso bolsa 350 g;3,39;(9,69 €/KILO)
Picos de pan El molino de Dia bolsa 250 g;0,85;(3,40 €/KILO)
Palitos de pan con pipas Naturmundo de Dia bolsa 90 g;0,79;(8,78 €/KILO)
Biscotes El molino de Dia bolsa 540 g;1,95;(3,61 €/KILO)
Picos integrales El molino de Dia bolsa 250 g;0,85;(3,40 €/KILO)
Cóctel de picos El molino de Dia bolsa 250 g;1,25;(5,00 €/KILO)
Regañás El molino de Dia bolsa 250 g;1,09;(4,36 €/KILO)
Picos camperos El molino de Dia bolsa 250 g;0,99;(3,96 €/KILO)
Picos rústicos con aceite de oliva El molino de Dia bolsa 130 g;1,59;(12,23 €/KILO)
Biscotes integrales El molino de Dia bolsa 540 g;1,99;(3,69 €/KILO)
Panecillos tostados con ajo y perejil El molino de Dia bolsa 160 g;1,18;(7,38 €/KILO)
Panecillo 100% integral El molino de Dia bolsa 225 g;0,83;(3,69 €/KILO)
Regañás con aceite de oliva virgen extra El molino de Dia bolsa 150 g;1,45;(9,67 €/KILO)
Panecillos tostados con tomate y orégano El molino de Dia bolsa 160 g;1,18;(7,38 €/KILO)
Grissinis finos Selección Mundial de Dia bolsa 250 g;1,88;(7,52 €/KILO)
Pan tostado normal El molino de Dia bolsa 270 g;1,05;(3,89 €/KILO)
Picatostes fritos El molino de Dia bolsa 75 g;0,79;(10,53 €/KILO)
Picos camperos con aceite de oliva virgen extra El molino de Dia bolsa 200 g;1,35;(6,75 €/KILO)
Mini biscotes El molino de Dia bolsa 240 g;1,69;(7,04 €/KILO)
Pan tostado integral El molino de Dia bolsa 270 g;1,45;(5,37 €/KILO)
Rosquillas de pan El molino de Dia bolsa 250 g;0,95;(3,80 €/KILO)
Picos artesanos de jerez Horno la gañania bolsa 400 g;2,05;(5,13 €/KILO)
Mini biscotes con pasas El molino de Dia bolsa 110 g;1,19;(10,82 €/KILO)
Panecillos tostados El molino de Dia bolsa 225 g;0,79;(3,51 €/KILO)
Palitos de pan con queso Naturmundo de Dia bolsa 90 g;0,79;(8,78 €/KILO)
Pan tostado original Wasa paquete 205 g;2,49;(12,15 €/KILO)
Pan avena Wasa paquete 280 g;2,60;(9,29 €/KILO)
Mini tostas El molino de Dia caja 100 g;1,35;(13,50 €/KILO)
Picos reventaos El molino de Dia bolsa 250 g;1,05;(4,20 €/KILO)
Crackers tradicionales Recondo caja 250 g;2,39;(9,56 €/KILO)
Palitos de pan Saladitos Velarte bolsa 200 g;1,39;(6,95 €/KILO)
Picos de pan sin gluten El molino de Dia bolsa 100 g;1,49;(14,90 €/KILO)
Quelitas crujientes Quely bolsa 200 g;1,55;(7,75 €/KILO)
Pan tostado con sésamo Wasa paquete 200 g;2,59;(12,95 €/KILO)
Picatostes tostados El molino de Dia bolsa 90 g;0,79;(8,78 €/KILO)
Bocaditos sabor jamón y tomate Snatt's bolsa 110 g;1,49;(13,55 €/KILO)
Bocaditos de tomate y orégano Snatt's bolsa 110 g;1,49;(13,55 €/KILO)
Pan tostado integral Ortiz bolsa 36 unidades;2,99;(0,08 €/UNIDAD)
Palitos de pan con pipas Velarte bolsa 80 g;0,90;(11,25 €/KILO)
Piquitos bajo contenido en sal El molino de Dia bolsa 180 g;0,94;(5,22 €/KILO)
Mini tostas redondas Ortiz caja 100 g;1,99;(11,90 €/KILO)
Pan rallado Onena bolsa 750 g;0,99;(1,32 €/KILO)
Pan rallado ajo y perejil Onena paquete 500 g;1,05;(2,10 €/KILO)
Preparado para rebozar crujiente sin gluten Esgir bolsa 200 g;1,75;(8,75 €/KILO)
Pan rallado sin gluten Panceliac bolsa 400 g;2,69;(6,73 €/KILO)
Harina de trigo El molino de Dia paquete 1 Kg;0,72;(0,72 €/KILO)
Harina de fuerza El molino de Dia paquete 1 Kg;0,94;(0,94 €/KILO)
Levadura en polvo Delimagic de Dia sobre 90 g;0,69;(7,67 €/KILO)
Levadura fresca Levanova 2 x 25 g;0,49;(9,80 €/KILO)
Harina 100% de maíz blanco Pan bolsa 1 Kg;2,59;(2,59 €/KILO)
Harina de repostería El molino de Dia paquete 1 Kg;1,09;(1,09 €/KILO)
Harina de maíz Maizena caja 400 g;2,99;(7,48 €/KILO)
Preparado para hornear en polvo Royal caja 96 g;2,69;(28,02 €/KILO)
Harina de trigo Gallo paquete 1 Kg;1,45;(1,45 €/KILO)
Levadura de panadería Royal caja 27.5 g;2,19;(79,64 €/KILO)
Harina de trigo 100% integral El molino de Dia paquete 1 Kg;0,83;(0,83 €/KILO)
Harina de bizcocho Gallo paquete 1 Kg;1,79;(1,79 €/KILO)
Harina de espelta 100% integral El molino de Dia paquete 1 Kg;1,45;(1,45 €/KILO)
Harina de garbanzos El molino de Dia paquete 500 g;1,99;(3,98 €/KILO)
Harina de trigo especial frituras El molino de Dia paquete 1 Kg;1,21;(1,21 €/KILO)
Harina de trigo para repostería Gallo paquete 1 Kg;1,69;(1,69 €/KILO)
Levadura de panadería Maizena caja 28 g;1,99;(71,07 €/KILO)
Harina integral de trigo Gallo paquete 1 Kg;1,69;(1,69 €/KILO)
Harina mix sin gluten Gallo caja 500 g;3,10;(6,20 €/KILO)
Masa fina para pizza Al Punto Dia bolsa 260 g;1,19;(4,58 €/KILO)
Masa de hojaldre Al Punto Dia bolsa 230 g;1,19;(5,17 €/KILO)
Masa quebrada Al Punto Dia bolsa 230 g;1,29;(5,61 €/KILO)
Masa para empanadillas y postres Buitoni bolsa 160 g;1,10;(6,88 €/KILO)
Masa gruesa para empanadillas estilo argentino Buitoni bolsa 350 g;2,45;(7,00 €/KILO)
Masa hojaldre Casa Tarradellas bandeja 260 g;1,45;(5,58 €/KILO)
Masa fina para pizza Casa Tarradellas bandeja 260 g;1,45;(5,58 €/KILO)
Preparado para crepes Delimagic de Dia frasco 200 g;1,99;(9,95 €/KILO)
Preparado de tortitas americanas Mary Lee bolsa 156 g;1,75;(11,22 €/KILO)
Preparado para pastel fresco sabor limón Royal caja 103 g;1,60;(15,53 €/KILO)
Preparado para tarta de chocolate milka Royal caja 350 g;4,50;(12,86 €/KILO)
Caramelo líquido Delimagic de Dia botella 400 g;2,29;(5,73 €/KILO)
Preparado para flanes y natillas Flanin caja 192 g;1,75;(9,11 €/KILO)
Perlitas de chocolate Dr. Oetker bolsa 100 g;3,59;(35,90 €/KILO)
Gelatina en láminas Dr. Oetker bolsa 20 g;2,39;(119,50 €/KILO)
Preparado para brownies Dr. Oetker caja 456 g;4,99;(10,94 €/KILO)
Gelatina sabor fresa Royal caja 114 g;2,79;(24,47 €/KILO)
Preparado para tarta de queso Royal caja 325 g;3,99;(12,28 €/KILO)
Aroma de vainilla de Madagascar Dr. Oetker bote 35 ml;4,99;(142,57 €/LITRO)
Preparado para tortitas al cacao con trocitos de chocolate Dr. Oetker bolsa 210 g;2,99;(14,24 €/KILO)
Preparado para montar nata natafix Dr. Oetker caja 30 g;1,49;(49,67 €/KILO)
Preparado para cuajada Royal caja 60 g;1,81;(30,17 €/KILO)
Preparado para tarta de oreo Royal caja 215 g;3,99;(18,56 €/KILO)
Sirope de fresa Delimagic de Dia botella 295 g;1,65;(5,59 €/KILO)
Lápices pasteleros de colores Dr. Oetker caja 76 g;3,89;(51,18 €/KILO)
Preparado para flan contiene caramelo líquido Royal caja 232.5 g;2,25;(9,68 €/KILO)
Aroma de vainilla Dr. Oetker blister 8 g;2,89;(361,25 €/KILO)
Caramelo líquido Royal botella 400 g;2,90;(7,25 €/KILO)
Chocolate con leche para repostería Dr. Oetker bolsa 150 g;3,99;(26,60 €/KILO)
Coco rallado Dr. Oetker bolsa 130 g;2,49;(19,15 €/KILO)
Colorantes alimentarios Dr. Oetker caja 40 g;3,89;(97,25 €/KILO)
Sirope de arce puro Mary Lee bote 250 ml;6,49;(25,96 €/LITRO)
Preparado para bizcocho sin gluten Dr. Oetker caja 410 g;4,99;(12,17 €/KILO)
Preparado para crema catalana Royal caja 120 g;1,99;(16,58 €/KILO)
Preparado para natillas caseras Royal caja 100 g;1,50;(15,00 €/KILO)
Almendras molidas Dr. Oetker bolsa 130 g;4,19;(32,23 €/KILO)
Café molido mezcla Cafetería de Dia bolsa 2 x 250 g;4,99;(9,98 €/KILO)
Café molido natural Cafetería de Dia bolsa 2 x 250 g;4,99;(9,98 €/KILO)
Café soluble clásico Cafetería de Dia frasco 200 g;3,99;(19,95 €/KILO)
Café en cápsulas intenso Cafetería de Dia caja 16 unidades;3,59;(0,22 €/UNIDAD)
Café en cápsulas espresso intenso Arom'arte de Dia caja 20 unidades;3,99;(0,20 €/UNIDAD)
Café molido natural descafeinado Cafetería de Dia paquete 250 g;2,99;(11,96 €/KILO)
Café con leche en cápsulas Cafetería de Dia caja 16 unidades;3,59;(0,22 €/UNIDAD)
Café en cápsulas descafeinado Cafetería de Dia caja 16 unidades;3,59;(0,22 €/UNIDAD)
Café soluble natural Nescafé frasco 200 g;7,85;(39,25 €/KILO)
Café cappuccino Cafetería de Dia caja 125 g;1,99;(15,92 €/KILO)
Café molido natural crema e gusto Lavazza bolsa 250 g;4,89;(19,56 €/KILO)
Café soluble descafeinado Cafetería de Dia frasco 100 g;2,99;(29,90 €/KILO)
Café molido natural Marcilla bolsa 500 g;8,95;(17,90 €/KILO)
Café molido mezcla gran aroma Marcilla bolsa 250 g;4,79;(19,16 €/KILO)
Café molido mezcla intensa La estrella bolsa 2 x 250 g;6,89;(13,78 €/KILO)
Café molido mezcla Saimaza bolsa 250 g;4,19;(16,76 €/KILO)
Café en grano natural Cafetería de Dia bolsa 500 g;5,69;(11,38 €/KILO)
Café en cápsulas espresso descafeinado Arom'arte de Dia caja 20 unidades;3,99;(0,20 €/UNIDAD)
Café molido mezcla descafeinado Cafetería de Dia paquete 250 g;2,99;(11,96 €/KILO)
Café en cápsulas lungo Cafetería de Dia caja 16 unidades;3,59;(0,22 €/UNIDAD)
Café en cápsulas espresso Colombia Arom'arte de Dia caja 10 unidades;2,39;(0,24 €/UNIDAD)
Café soluble descafeinado Nescafé frasco 200 g;7,85;(39,25 €/KILO)
Café molido natural Saimaza bolsa 250 g;4,19;(16,76 €/KILO)
Café en cápsulas espresso fortissimo Arom'arte de Dia caja 20 unidades;3,99;(0,20 €/UNIDAD)
Café en cápsulas espresso extra intenso Arom'arte de Dia caja 20 unidades;3,99;(0,20 €/UNIDAD)
Café en cápsulas espresso ristretto Arom'arte de Dia caja 20 unidades;3,99;(0,20 €/UNIDAD)
Café en cápsulas espresso intenso Nescafé Dolce Gusto caja 16 unidades;5,19;(0,32 €/UNIDAD)
Café molido natural Toscaf bolsa 250 g;3,50;(14,00 €/KILO)
Cafe capuccino Nescafé caja 140 g;3,75;(26,79 €/KILO)
Café molido mezcla intensa La estrella bolsa 250 g;3,75;(15,00 €/KILO)
Café molido mezcla gran aroma Marcilla bolsa 500 g;8,95;(17,90 €/KILO)
Café soluble descafeinado Cafetería de Dia frasco 200 g;4,35;(21,75 €/KILO)
Café en cápsulas capuccino con aroma a caramelo Ubago caja 16 unidades;3,59;(0,22 €/UNIDAD)
Café molido natural Colombia Arom'arte de Dia bolsa 250 g;4,99;(19,96 €/KILO)
Café molido natural Bonka paquete 250 g;4,29;(17,16 €/KILO)
Café molido natural gran aroma Marcilla bolsa 250 g;4,79;(19,16 €/KILO)
Café molido natural intenso Toscaf bolsa 250 g;3,50;(14,00 €/KILO)
Café cortado en cápsulas Cafetería de Dia caja 16 unidades;3,59;(0,22 €/UNIDAD)
Café en cápsulas espresso ristretto descafeinado L'Or caja 20 unidades;7,89;(0,39 €/UNIDAD)
Café con leche en cápsulas Nescafé Dolce Gusto caja 30 unidades;8,99;(0,30 €/UNIDAD)
Soluble al cacao Temptation de Dia bote 500 g;2,99;(5,98 €/KILO)
Cacao soluble instantáneo Nesquik bote 390 g;3,79;(9,72 €/KILO)
Cacao soluble ColaCao bote 383 g;4,39;(11,46 €/KILO)
Cacao en polvo Temptation de Dia bolsa 400 g;1,99;(4,98 €/KILO)
Cacao soluble 0% azúcares añadidos ColaCao bote 325 g;4,29;(13,20 €/KILO)
Soluble al cacao instantáneo Temptation de Dia bote 800 g;4,19;(5,24 €/KILO)
Cacao soluble ColaCao bote 1.2 Kg;9,99;(8,33 €/KILO)
Soluble al cacao Temptation de Dia bote 900 g;4,49;(4,99 €/KILO)
Cacao instantáneo Nesquik estuche 2 Kg;12,19;(6,10 €/KILO)
Cacao soluble ColaCao caja 2.5 Kg;16,99;(6,80 €/KILO)
Cacao instantáneo Nesquik bolsa 1.2 Kg;8,49;(7,08 €/KILO)
Cacao soluble ColaCao bote 760 g;6,99;(9,20 €/KILO)
Soluble al cacao Temptation de Dia bolsa 1.5 Kg;6,59;(4,39 €/KILO)
Cacao soluble Patrulla Canina Bombón Sport bolsa 1 Kg;5,99;(5,99 €/KILO)
Cacao soluble original ColaCao caja 4.45 Kg;26,49;(5,95 €/KILO)
Perlitas de chocolate blanco Dr. Oetker bolsa 100 g;3,59;(35,90 €/KILO)
Cacao soluble instantáneo Nesquik lata 700 g;6,19;(8,84 €/KILO)
Cacao soluble instantáneo turbo ColaCao bote 750 g;6,99;(9,32 €/KILO)
Cacao soluble instantáneo 0% azúcares Nesquik bote 320 g;5,49;(17,16 €/KILO)
Cacao soluble instantáneo extra choc Nesquik bote 390 g;4,19;(10,74 €/KILO)
Cacao soluble instantáneo noche Nesquik bote 400 g;4,69;(11,73 €/KILO)
Cacao soluble instantáneo con trozos de galleta Jungly Nesquik bolsa 200 g;3,99;(19,95 €/KILO)
Cacao soluble intenso 70% Nesquik bote 300 g;4,69;(15,63 €/KILO)
Manzanilla Tetería de Dia caja 25 unidades;0,69;(0,03 €/UNIDAD)
Infusión de jengibre con limón Tetería de Dia caja 25 unidades;1,40;(0,06 €/UNIDAD)
Infusión poleo menta Tetería de Dia caja 25 unidades;0,81;(0,03 €/UNIDAD)
Infusión tila Tetería de Dia caja 25 unidades;1,06;(0,04 €/UNIDAD)
Infusión buenas noches Tetería de Dia caja 25 unidades;1,25;(0,05 €/UNIDAD)
Frutos rojos con hibisco Tetería de Dia caja 12 unidades;1,89;(0,16 €/UNIDAD)
Té negro Tetería de Dia caja 25 unidades;0,90;(0,04 €/UNIDAD)
Té negro sabor vainilla y caramelo Tetería de Dia caja 12 unidades;1,89;(0,16 €/UNIDAD)
Manzanilla con anís Tetería de Dia caja 40 unidades;1,75;(0,04 €/UNIDAD)
Infusión cola de caballo Pompadour caja 20 unidades;2,79;(0,14 €/UNIDAD)
Té verde Tetería de Dia caja 25 unidades;0,94;(0,04 €/UNIDAD)
Infusión manzanilla Hornimans caja 40 unidades;3,29;(0,08 €/UNIDAD)
Té verde con hierbabuena Tetería de Dia caja 25 unidades;1,55;(0,06 €/UNIDAD)
Infusión digestiva Tetería de Dia caja 25 unidades;1,25;(0,05 €/UNIDAD)
Infusión jengibre con y limón Pompadour caja 20 unidades;2,79;(0,14 €/UNIDAD)
Infusión de maca con jengibre, canela y naranja Hornimans caja 20 unidades;2,99;(0,15 €/UNIDAD)
Té rojo aromatizado Tetería de Dia caja 25 unidades;1,25;(0,05 €/UNIDAD)
Infusión quema-grasa Pompadour caja 20 unidades;2,79;(0,14 €/UNIDAD)
Infusión relax Tetería de Dia caja 25 unidades;1,25;(0,05 €/UNIDAD)
Infu sueños Hornimans caja 20 unidades;2,99;(0,15 €/UNIDAD)
Té verde a la menta Hornimans caja 20 unidades;2,99;(0,15 €/UNIDAD)
Infusión elimina gases Susaron caja 10 unidades;1,59;(0,16 €/UNIDAD)
Infusión duerme bien Pompadour caja 20 unidades;2,79;(0,14 €/UNIDAD)
Infusión frutal frambuesa y rooibos Hornimans caja 20 unidades;2,99;(0,15 €/UNIDAD)
Té classic Hornimans caja 40 unidades;3,29;(0,08 €/UNIDAD)
Infusión de cúrcuma con té matcha Hornimans caja 20 unidades;2,99;(0,15 €/UNIDAD)
Infusión laxsana sabor ciruela Susaron caja 20 unidades;2,59;(0,13 €/UNIDAD)
Rooibos y pétalos de girasol Tetería de Dia caja 12 unidades;1,89;(0,16 €/UNIDAD)
Infusión de jengibre y naranja Hornimans caja 15 unidades;2,79;(0,19 €/UNIDAD)
Té verde extra puro Hornimans caja 20 unidades;2,99;(0,15 €/UNIDAD)
Infusión de jengibre y arándanos Hornimans caja 15 unidades;2,79;(0,19 €/UNIDAD)
Infusión de arándanos Hornimans caja 20 unidades;2,99;(0,15 €/UNIDAD)
Infusión manzanilla con y anís Hornimans caja 25 unidades;2,29;(0,09 €/UNIDAD)
Infusión delgaxan fibra Pompadour caja 20 unidades;2,79;(0,14 €/UNIDAD)
Infusión de jengibre y limón Hornimans caja 15 unidades;2,79;(0,19 €/UNIDAD)
Infusión manzanilla con miel Hornimans caja 25 unidades;2,29;(0,09 €/UNIDAD)
Infusión tranquilidad Compañía de las Indias caja 20 unidades;2,29;(0,11 €/UNIDAD)
Infusión de valeriana Pompadour caja 20 unidades;2,79;(0,14 €/UNIDAD)
Infusión digestive Pompadour caja 20 unidades;2,79;(0,14 €/UNIDAD)
Infusión poleo menta Hornimans caja 40 unidades;3,29;(0,08 €/UNIDAD)
Azúcar blanco Dia paquete 1 Kg;1,10;(1,10 €/KILO)
Azúcar blanco Azucarera paquete 1 Kg;1,15;(1,15 €/KILO)
Edulcorante líquido Dia botella 200 ml;1,13;(5,65 €/LITRO)
Azúcar moreno de caña integral Sidul bolsa 1 Kg;1,85;(1,85 €/KILO)
Azúcar moreno de caña integral Azucarera brik 800 g;1,79;(1,79 €/KILO)
Panela azúcar moreno de caña integral Azucarera bolsa 500 g;1,99;(3,98 €/KILO)
Azúcar blanco en sobres Dia caja 300 g;1,15;(3,83 €/KILO)
Azúcar moreno integral en terrones Azucarera caja 500 g;1,79;(3,58 €/KILO)
Edulcorante en sobres Bonsweet caja 102 unidades;2,99;(29,31 €/KILO)
Edulcorante Dia bote 50 g;1,11;(22,20 €/KILO)
Azúcar moreno en sobres Dia caja 300 g;1,29;(4,30 €/KILO)
Edulcorante líquido Dia botella 150 ml;1,71;(13,68 €/LITRO)
Azúcar blanco Azucarera brik 800 g;1,19;(1,49 €/KILO)
Azúcar blanco en azucarillos Azucarera caja 300 g;1,25;(3,33 €/KILO)
Edulcorante granulado en sobres Natreen caja 90 unidades;4,29;(0,05 €/UNIDAD)
Edulcorante en polvo Dia bote 200 g;3,29;(16,45 €/KILO)
Sirope de ágave Azucarera botella 360 g;2,99;(8,31 €/KILO)
Panela ecológica Green panela bolsa 500 g;2,49;(4,98 €/KILO)
Azúcar glacé seda Azucarera bote 500 g;2,50;(5,00 €/KILO)
Eritritol Natur Wassy bolsa 200 g;3,19;(15,95 €/KILO)
Edulcorante Dia frasco 150 unidades;1,70;(0,01 €/UNIDAD)
Edulcorante en comprimidos Bonsweet caja 650 unidades;1,89;(48,46 €/KILO)
Edulcorante Natreen caja 400 unidades;3,99;(0,01 €/UNIDAD)
Azúcar glacé Dia bote 300 g;1,59;(5,30 €/KILO)
Azúcar moreno de caña integral Azucarera brik 500 g;1,25;(2,50 €/KILO)
Azúcar blanco en terrones Azucarera caja 500 g;1,39;(2,78 €/KILO)
Azúcar extrafino especial repostería Azucarera brik 500 g;1,25;(2,50 €/KILO)
Miel de flores Mielove de Dia frasco 1 Kg;4,40;(4,40 €/KILO)
Miel de flores antigoteo Mielove de Dia frasco 500 g;2,95;(5,90 €/KILO)
Miel de azahar Mielove de Dia frasco 350 g;3,19;(9,11 €/KILO)
Miel de romero Mielove de Dia frasco 350 g;3,49;(9,97 €/KILO)
Miel de eucalipto Mielove de Dia frasco 350 g;3,19;(9,11 €/KILO)
Miel de montaña Mielove de Dia frasco 500 g;4,85;(9,70 €/KILO)
Miel de flores antigoteo Granja san fancisco bote 350 g;5,50;(15,71 €/KILO)
Sirope de caña antigoteo Ramiflor frasco 500 g;3,50;(7,00 €/KILO)
Mermelada de fresa extra Fruticampo de Dia frasco 390 g;1,50;(3,85 €/KILO)
Mermelada de melocotón extra Fruticampo de Dia frasco 390 g;1,50;(3,85 €/KILO)
Piña en su jugo en rodajas Fruticampo de Dia lata 3 x 137 g;2,43;(5,83 €/KILO)
Melocotón en almíbar en mitades Sueños Dia lata 480 g;1,99;(4,15 €/KILO)
Dulce de membrillo Fruticampo de Dia tarrina 350 g;1,29;(2,76 €/KILO)
Mermelada de fresa 0% sin azúcares añadidos Fruticampo de Dia frasco 330 g;1,60;(4,85 €/KILO)
Melocotón en almíbar Fruticampo de Dia lata 3 x 115 g;2,45;(7,10 €/KILO)
Mermelada de arándanos extra Fruticampo de Dia frasco 320 g;2,10;(6,56 €/KILO)
Piña en su jugo en rodajas Fruticampo de Dia lata 490 g;1,95;(3,98 €/KILO)
Mermelada de fresas de temporada de Huelva Hero frasco 350 g;2,60;(7,43 €/KILO)
Mermelada de frambuesa La vieja fábrica frasco 280 g;2,69;(9,61 €/KILO)
Mermelada de higo extra 60% fruta Fruticampo de Dia frasco 320 g;1,99;(6,22 €/KILO)
Mermelada de fresa Helios pack 10 x 25 g;1,79;(7,16 €/KILO)
Mermelada de ciruela y kiwi extra 60% fruta Fruticampo de Dia frasco 320 g;1,99;(6,22 €/KILO)
Mermelada de frutas del bosque extra Fruticampo de Dia frasco 320 g;2,10;(6,56 €/KILO)
Mermelada de fresa extra Fruticampo de Dia frasco 650 g;2,39;(3,68 €/KILO)
Mermelada de albaricoque extra Fruticampo de Dia frasco 390 g;1,50;(3,85 €/KILO)
Mermelada de melocotón Helios pack 10 x 25 g;1,79;(7,16 €/KILO)
Mermelada de naranja amarga Fruticampo de Dia frasco 310 g;1,50;(4,84 €/KILO)
Mermelada de tomate extra Fruticampo de Dia frasco 320 g;1,42;(4,44 €/KILO)
Carne de membrillo Fruticampo de Dia tarrina 250 g;2,10;(8,40 €/KILO)
Mermelada de fresa de Huelva Helios Purafruta frasco 250 g;2,99;(11,96 €/KILO)
Mermelada de frambuesa extra Fruticampo de Dia frasco 320 g;2,39;(7,47 €/KILO)
Mermelada de fresas 0% azúcares añadidos Hero frasco 280 g;2,69;(9,61 €/KILO)
Mermelada de melocotón extra Fruticampo de Dia frasco 650 g;2,39;(3,68 €/KILO)
Melocotón en almíbar en mitades Fruticampo de Dia lata 240 g;1,19;(4,96 €/KILO)
Mermelada de melocotón extra Helios frasco 340 g;2,00;(5,88 €/KILO)
Mermelada de melocotón de temporada Hero frasco 350 g;2,60;(7,43 €/KILO)
Mermelada de melocotón La vieja fábrica frasco 280 g;2,59;(9,25 €/KILO)
Mermelada de fresa extra Helios frasco 340 g;2,00;(5,88 €/KILO)
Mermelada de arándanos La vieja fabrica frasco 280 g;2,79;(9,96 €/KILO)
Mermelada de ciruela extra Fruticampo de Dia frasco 390 g;1,55;(3,97 €/KILO)
Mermelada de fresas diet La vieja fábrica frasco 280 g;2,89;(10,32 €/KILO)
Mermelada de albaricoque extra Fruticampo de Dia frasco 650 g;2,39;(3,68 €/KILO)
Mermelada de naranja amarga diet La vieja fabrica frasco 290 g;2,79;(9,62 €/KILO)
Confitura de fresa Bonne maman frasco 370 g;3,15;(8,51 €/KILO)
Mermelada de cerezas 0% azúcares añadidos Hero frasco 280 g;2,99;(10,68 €/KILO)
Mermelada de melocotón extra sin azúcares añadidos Fruticampo de Dia frasco 330 g;1,59;(4,82 €/KILO)
Mermelada de ciruela extra Fruticampo de Dia frasco 650 g;2,39;(3,68 €/KILO)
Melocotón en almíbar sin azúcares añadidos en mitades Sueños Dia lata 480 g;2,25;(4,69 €/KILO)
Crema de cacao con avellanas dúo Temptation de Dia bote 400 g;1,89;(4,73 €/KILO)
Crema de cacao con avellanas Temptation de Dia bote 400 g;1,89;(4,73 €/KILO)
Crema de cacao con avellanas Nutella bote 350 g;3,95;(11,29 €/KILO)
Crema de cacahuete Just loading frasco 500 g;3,19;(6,38 €/KILO)
Crema de cacao con avellanas Nutella bote 200 g;2,69;(11,43 €/KILO)
Crema de cacao y leche de avellanas dúo Nocilla bote 360 g;3,85;(10,69 €/KILO)
Crema de cacao y leche de avellanas dúo Nocilla bote 180 g;2,69;(14,94 €/KILO)
Crema de cacao con avellanas original Nocilla bote 360 g;3,85;(10,69 €/KILO)
Crema de cacao y leche de avellanas dúo 0% azúcares añadidos Nocilla bote 180 g;2,99;(16,61 €/KILO)
Dulce de leche Mardel frasco 450 g;3,09;(6,87 €/KILO)
Crema de galletas para untar Lotus Biscoff bote 400 g;3,69;(9,23 €/KILO)
Crema de cacao con avellanas cookies&cream Nocilla bote 180 g;2,99;(16,61 €/KILO)
Crema de cacao con avellanas original Nocilla bote 620 g;6,15;(9,92 €/KILO)
Crema de cacao crunchy Nocilla bote 180 g;2,69;(14,94 €/KILO)
Crema de cacahuete Just loading frasco 475 g;3,39;(7,14 €/KILO)
Crema de cacao y leche de avellanas dúo Nocilla bote 620 g;6,15;(9,92 €/KILO)
Sticks con crema de cacao y leche de avellanas Nocilla caja 60 g;1,50;(25,00 €/KILO)
Crema de cacao con avellanas original Nocilla bote 180 g;2,69;(14,94 €/KILO)
Crema de cacao noir Nocilla bote 180 g;2,99;(16,61 €/KILO)
Crema de cacahuete crujiente Capitán Mani bote 340 g;3,39;(9,97 €/KILO)
Dulce de leche La lechera lata 397 g;3,99;(10,05 €/KILO)
Crema de cacao con avellanas Milka bote 340 g;2,99;(8,79 €/KILO)
Crema de cacahuete Capitán Mani bote 340 g;3,19;(9,38 €/KILO)
Sticks con crema de cacao con avellanas Nocilla caja 60 g;1,50;(25,00 €/KILO)
Chocolate con leche con galleta Temptation de Dia 100 g;1,35;(13,50 €/KILO)
Chocolate negro 85% cacao Temptation de Dia 100 g;1,85;(18,50 €/KILO)
Chocolate con leche crujiente Temptation de Dia 75 g;0,95;(12,67 €/KILO)
Chocolate con leche y almendras Temptation de Dia 150 g;1,50;(10,00 €/KILO)
Chocolate blanco Temptation de Dia 100 g;1,15;(11,50 €/KILO)
Chocolate negro Temptation de Dia 100 g;1,09;(10,90 €/KILO)
Chocolate con leche Nestlé Extrafino 3 x 125 g;4,99;(13,31 €/KILO)
Barritas de chocolate con leche y avellanas Temptation de Dia bolsa 115 g;1,65;(14,35 €/KILO)
Barritas de chocolate con leche Kinder caja 100 g;1,79;(17,90 €/KILO)
Chocolate negro con almendras enteras Temptation de Dia 200 g;2,39;(11,95 €/KILO)
Chocolate con leche con relleno cremoso Nestlé Extrafino 100 g;1,39;(13,90 €/KILO)
Chocolate negro 85% cacao en porciones Temptation de Dia bolso 176 g;3,34;(18,98 €/KILO)
Chocolate blanco con galleta Temptation de Dia 100 g;1,35;(13,50 €/KILO)
Chocolate negro 74% cacao Temptation de Dia 100 g;1,65;(16,50 €/KILO)
Chocolate negro 74% cacao con naranja confitada Temptation de Dia 100 g;1,85;(18,50 €/KILO)
Chocolate negro sin azúcares añadidos Temptation de Dia 100 g;1,45;(14,50 €/KILO)
Chocolate relleno de avellana caramelizada y galleta Temptation de Dia 100 g;1,29;(12,90 €/KILO)
Chocolate con leche Milka 125 g;1,99;(15,92 €/KILO)
Chocolate con leche y avellanas Temptation de Dia 150 g;1,50;(10,00 €/KILO)
Surtido de pralinés Temptation de Dia bolsa 320 g;4,50;(14,06 €/KILO)
Chocolate con leche Dolca 100 g;1,29;(12,90 €/KILO)
Chocolate negro 85% cacao sin azúcares añadidos Temptation de Dia 100 g;2,09;(20,90 €/KILO)
Chocolate con leche y galleta Nestlé Jungly 125 g;1,69;(13,52 €/KILO)
Mini huevos de chocolate rellenos de crema leche y avellana Temptation de Dia bolsa 150 g;2,50;(16,67 €/KILO)
Cacahuetes cubiertos de chocolate de colores Temptation de Dia bolsa 180 g;2,05;(11,39 €/KILO)
Chocolate negro para postres Temptation de Dia 200 g;2,40;(12,00 €/KILO)
Chocolate con leche Temptation de Dia 100 g;1,00;(10,00 €/KILO)
Bombones surtidos Nestlé Caja Roja caja 43 g;1,99;(46,28 €/KILO)
Barrita de chocolate caramelo y galleta Temptation de Dia bolsa 290 g;2,65;(9,14 €/KILO)
Chocolate negro Dolca 100 g;1,29;(12,90 €/KILO)
Mini barritas de galleta recubiertas de chocolate Kit Kat bolsa 200 g;3,29;(16,45 €/KILO)
Surtido clásico chocolate negro Pergale caja 114 g;2,50;(15,35 €/KILO)
(30,00 €/KILO);Barritas de chocolate y galleta Nestlé Jungly bolsa 102 g;1,79 €
(17,55 €/KILO);Huevos de chocolate relleno de leche y avellanas Kinder bolsa 200 g;4,39 €
(21,95 €/KILO);Mini barritas de chocolate con leche Nickelodeon caja 100 g (modelos diferentes);Mini barritas de chocolate con leche Nickelodeon caja 100 g (modelos diferentes)
1,79 €;(12,50/KILO);(9,16 €/KILO)
Chocolate negro para postres sin azúcares añadidos Temptation de Dia 200 g;2,99;(14,95 €/KILO)
Chocolate con leche y almendras enteras Temptation de Dia 200 g;2,00;(10,00 €/KILO)
Chocolate con leche relleno con caramelo y avellanas Milka 300 g;5,75;(19,17 €/KILO)
Tronquitos sin pica Marcelo Caramelo de Dia bolsa 225 g;1,09;(4,84 €/KILO)
Golosinas cintas pica Marcelo Caramelo de Dia tarrina 300 g;1,75;(5,83 €/KILO)
Regaliz rueda rojo Marcelo Caramelo de Dia bolsa 250 g;1,39;(5,56 €/KILO)
Golosinas surtidas Marcelo Caramelo de Dia bolsa 250 g;1,79;(7,16 €/KILO)
Golosinas sandía Trolli bolsa 100 g;1,09;(10,90 €/KILO)
Caramelo de goma relleno sabor cereza Dulciora Pikotas bolsa 100 g;1,39;(13,90 €/KILO)
Regaliz negro torcidas Marcelo Caramelo de Dia bolsa 225 g;1,09;(4,84 €/KILO)
Golosinas gusanos ácidos Trolli bolsa 100 g;1,09;(10,90 €/KILO)
Chicles sabor hierbabuena sin azúcar Iceberg de Dia bolsa 44.8 g;0,99;(22,10 €/KILO)
Golosinas besos de fresa Trolli bolsa 100 g;1,09;(10,90 €/KILO)
Chicles de hierbabuena sin azúcar Iceberg de Dia bote 70 unidades;1,95;(0,03 €/UNIDAD)
Golosinas mora Marcelo Caramelo de Dia bolsa 250 g;1,38;(5,52 €/KILO)
Golosinas smile kit Fini bolsa 90 g;1,00;(11,11 €/KILO)
Nubes Marcelo Caramelo de Dia bolsa 200 g;1,27;(6,35 €/KILO)
Caramelos de limón y miel Mentolin bolsa 100 g;1,29;(12,90 €/KILO)
Chicles sabor menta fuerte sin azúcar Iceberg de Dia bolsa 44.8 g;0,99;(22,10 €/KILO)
Palotes masticables de frutas Palotes bolsa 90 g;1,05;(11,67 €/KILO)
Golosinas gatos sabor regaliz Trolli bolsa 100 g;1,05;(10,50 €/KILO)
Golosinas de fresas con nata Fini bolsa 75 g;1,05;(14,00 €/KILO)
Regaliz rojo relleno pica Sonic Marcelo Caramelo de Dia bolsa 225 g;1,09;(4,84 €/KILO)
Caramelos rellenos de miel Villa bolsa 100 g;0,75;(7,50 €/KILO)
Golosinas surtido regaliz pica Vidal bolsa 90 g;1,00;(11,11 €/KILO)
Regaliz rojo torcido Sonic Marcelo Caramelo de Dia bolsa 225 g;1,09;(4,84 €/KILO)
Golosinas favoritos pica Haribo bolsa 150 g;1,79;(11,93 €/KILO)
Nubes rellenas Fini bolsa 80 g;1,19;(14,88 €/KILO)
Golosinas surtidas little mix Fini tarrina 500 g;3,79;(7,58 €/KILO)
Golosinas favoritos red&white Haribo bolsa 150 g;1,79;(11,93 €/KILO)
Golosinas tropifrutti Haribo bolsa 150 g;1,79;(11,93 €/KILO)
Golosinas ositos de oro Haribo bolsa 150 g;1,79;(11,93 €/KILO)
Caramelos masticables dipper ball Vidal bolsa 70 g;1,00;(14,29 €/KILO)
Regaliz de goma torcidas rellenas Fini bolsa 125 g;1,09;(8,72 €/KILO)
Caramelos masticables sabor a frutas Marcelo Caramelo de Dia bolsa 300 g;1,49;(4,97 €/KILO)
Chicles de fresa sin azúcar Iceberg de Dia bote 70 unidades;1,95;(0,03 €/UNIDAD)
Caramelos de eucalipto Pictolin bolsa 300 g;2,59;(8,63 €/KILO)
Caramelos sabor mentol y limón Iceberg de Dia bolsa 300 g;2,19;(7,30 €/KILO)
Golosinas fresa Marcelo Caramelo de Dia bolsa 250 g;1,69;(6,76 €/KILO)
Surtido de golosinas en mini bolsitas Marcelo Caramelo de Dia bolsa 280 g;2,35;(8,39 €/KILO)
Regaliz rojo relleno Fini tarrina 290 g;2,99;(10,31 €/KILO)
Mini regalices sour boom colour mix Fini bolsa 90 g;1,19;(13,22 €/KILO)
Caramelos con palo varios sabores Chupa Chups bolsa 208 g;3,20;(15,38 €/KILO)
Galletas rellenas de crema de chocolate Galleteca de Dia paquete 500 g;1,30;(2,60 €/KILO)
Galletas dorada maría Galleteca de Dia paquete 800 g;1,45;(1,81 €/KILO)
Galletas tostaditas Galleteca de Dia caja 600 g;1,50;(2,50 €/KILO)
Mini galletas con pepitas de chocolate Galleteca de Dia caja 160 g;1,40;(8,75 €/KILO)
Roscos de galleta con chocolate blanco chocoaros Galleteca de Dia bolsa 128 g;0,99;(7,73 €/KILO)
Galletas digestive con chocolate Galleteca de Dia paquete 300 g;1,40;(4,67 €/KILO)
Galletas con canela Cuétara Napolitanas caja 426 g;2,79;(5,24 €/KILO)
Galletas cubiertas de chocolate con leche Galleteca de Dia caja 150 g;1,40;(9,33 €/KILO)
Galletas con pepitas de chocolate Galleteca de Dia bolsa 225 g;1,40;(6,22 €/KILO)
Galletas de cacao rellenas de crema Galleteca de Dia caja 220 g;1,00;(4,55 €/KILO)
Galletas relieve Galleteca de Dia caja 735 g;1,65;(2,24 €/KILO)
Galletas de desayuno Cuétara Tostarica caja 570 g;2,99;(5,25 €/KILO)
Galletas integrales maría Galleteca de Dia caja 800 g;1,45;(1,81 €/KILO)
Galletas Cuétara Campurrianas caja 755 g;3,99;(5,28 €/KILO)
Galletas caramelizadas Lotus Biscoff paquete 250 g;1,89;(7,56 €/KILO)
Galletas de cereales con vitaminas Artiach Dinosaurus caja 411 g;3,49;(8,49 €/KILO)
Galletas tostadas Galleteca de Dia paquete 800 g;1,45;(1,81 €/KILO)
Barquillos rellenos de nata Galleteca de Dia bolsa 210 g;1,00;(4,76 €/KILO)
Roscos de galleta con chocolate con leche chocoaros Galleteca de Dia bolsa 128 g;0,99;(7,73 €/KILO)
Galletas digestive con avena y trigo Galleteca de Dia caja 425 g;1,25;(2,94 €/KILO)
Galletas de cacao rellenas de crema bañadas con chocolate con leche Galleteca de Dia caja 252 g;1,99;(7,90 €/KILO)
Barquillos rellenos de cacao Galleteca de Dia bolsa 210 g;1,00;(4,76 €/KILO)
Galletas con chocolate Cuétara Campurrianas caja 417 g;3,95;(7,58 €/KILO)
Mini galletas con pepitas de chocolate Chips Ahoy caja 160 g;1,95;(12,19 €/KILO)
Galletas rellenas de chocolate y crema choco guay Cuétara Tostarica caja 168 g + 17% gratis;2,45;(11,67 €/KILO)
Galletas de cacao rellenas de crema Oreo bolsa 154 g;1,60;(10,39 €/KILO)
Galletas rellenas de arroz inflado chocolateado Cuétara Flakes caja 520 g;3,89;(7,48 €/KILO)
Galletas Cuétara María Oro bolsa 600 g;3,39;(4,52 €/KILO)
Galletas digestive con avena y chocolate Gullón caja 425 g;2,49;(5,86 €/KILO)
Galletas digestive sin azúcares Gullón caja 400 g;1,99;(4,98 €/KILO)
Galletas con pepitas de chocolate oceanix Cuétara Tostarica caja 400 g;3,99;(7,98 €/KILO)
Galletas rellenas de crema de limón Cuétara paquete 150 g;1,20;(8,00 €/KILO)
Mini galletas de cacao rellenas de crema Oreo caja 160 g;1,95;(12,19 €/KILO)
Galletas cubiertas de chocolate negro Galleteca de Dia caja 150 g;1,40;(9,33 €/KILO)
Mini galletas rellenas de crema de chocolate Galleteca de Dia caja 220 g;1,25;(5,68 €/KILO)
Galletas caramelizadas rellenas de crema Lotus Biscoff bolsa 150 g;1,79;(11,93 €/KILO)
Galleta rellena de crema de chocolate Principe paquete 3 x 300 g;5,89;(6,54 €/KILO)
Galletas integrales con 5 cereales y chocolate Florbu bolsa 400 g;2,75;(6,88 €/KILO)
Galletas chip choco con pepitas de chocolate sin azúcares Gullón bolsa 125 g;2,69;(21,52 €/KILO)
Galletas palets de mantequilla St Michel caja 150 g;1,95;(13,00 €/KILO)
Galletas saladas Snack Maniac de Dia bolsa 200 g;0,95;(4,75 €/KILO)
Galletas crackers saladas Snack Maniac de Dia bolsa 300 g;1,29;(4,30 €/KILO)
Crackers Tuc bolsa 100 g;1,49;(14,90 €/KILO)
Galletas crackers con sal Gran pavesi bolsa 250 g;2,39;(9,56 €/KILO)
Galletas saladas con aceite de oliva virgen extra Biscuits Galicia bolsa 200 g;1,85;(9,25 €/KILO)
Croissants rellenos de cacao y avellanas El molino de Dia bolsa 315 g;1,60;(5,08 €/KILO)
Bocaditos de cacao Mandul bolsa 210 g;1,25;(5,95 €/KILO)
Magdalenas clásicas El molino de Dia bolsa 515 g;1,99;(3,86 €/KILO)
(4,31 €/KILO);(4,85/KILO);Pan de leche El molino de Dia bolsa 350 g
1,49 €;(4,26/KILO);(8,41 €/KILO)
Rosquillas de chocolate El molino de Dia bandeja 240 g;1,89;(7,88 €/KILO)
Palmeritas El molino de Dia bandeja 245 g;1,49;(6,08 €/KILO)
Sobaos pequeños El molino de Dia bolsa 340 g;1,39;(4,09 €/KILO)
Caña rellena de crema bañada en cacao Dulcesol bolsa 153 g;1,00;(6,54 €/KILO)
Flaminguitos rosas rellenos de crema con leche Dulcesol bolsa 150 g;1,00;(6,67 €/KILO)
Magdalenas valencianas El molino de Dia bolsa 350 g;1,39;(3,97 €/KILO)
Rosquillas de azúcar Pelayo bolsa 250 g;1,49;(5,96 €/KILO)
Bizcocho marmolado El molino de Dia bolsa 400 g;2,19;(5,48 €/KILO)
Ensaimadas El molino de Dia bolsa 220 g;1,19;(5,41 €/KILO)
Gofre recubierto de cacao El molino de Dia bolsa 360 g;2,55;(7,08 €/KILO)
Rondo clásico de naranja Mandul bolsa 400 g;2,79;(6,98 €/KILO)
Palmeritas de cacao El molino de Dia bolsa 230 g;1,99;(8,65 €/KILO)
Mini croissants con cacao El molino de Dia bolsa 150 g;1,25;(8,33 €/KILO)
Mini brownies de chocolate Dulcesol bolsa 125 g;1,00;(8,00 €/KILO)
Lunas de cacao Dulcesol bolsa 132 g;1,00;(7,58 €/KILO)
(6,88 €/KILO);(7,41/KILO);Briochoco con pepitas de chocolate Dulcesol bolsa 160 g
1,29 €;(8,06/KILO);Triángulo de crema bañado al cacao 3 unidades Pastiñam bandeja 130 g
1,39 €;(10,69/KILO);Tortitas Brioche Pasquier bolsa 280 g
2,99 €;(10,68/KILO);Hojaldre de Astorga El molino de Dia bandeja 180 g
1,29 €;(7,17/KILO);Magdalenas cuadradas El molino de Dia bolsa 350 g
1,59 €;(4,54/KILO);Conchas de chocolate Codan bolsa 330 g
2,29 €;(6,94/KILO);Tortas de aceite de oliva El molino de Dia bolsa 180 g
1,25 €;(6,94/KILO);Mini rosquillas al cacao El molino de Dia bandeja 155 g
1,69 €;(10,90/KILO);Rollos con naranja El molino de Dia bolsa 420 g
2,99 €;(7,12/KILO);Brownies de chocolate El molino de Dia bolsa 200 g
1,79 €;(8,95/KILO);Crêpes rellenos de cacao Oh la france bolsa 192 g
1,85 €;(9,64/KILO);Gofre de azúcar El molino de Dia bolsa 330 g
2,35 €;(7,12/KILO);Berlinas glacé Donuts bandeja 4 unidades 208 g
2,85 €;(13,70/KILO);Magdalenas rellenas con crema de cacao El molino de Dia bolsa 336 g
1,69 €;(5,03/KILO);Cuadrados rellenos de cacao Dulcesol bolsa 171 g
1,00 €;(5,85/KILO);Tortas de anís con aceite de oliva Inés Rosales bolsa 180 g
Copos de avena Gran Dia caja 500 g;0,95;(1,90 €/KILO)
Cereales rellenos de leche Gran Dia caja 500 g;2,40;(4,80 €/KILO)
Muesli crujiente con chocolate Gran Dia caja 500 g;2,49;(4,98 €/KILO)
Cereales copos de maíz corn flakes Gran Dia caja 500 g;1,49;(2,98 €/KILO)
Cereales de pétalos de trigo y chocolate Gran Dia caja 500 g;2,00;(4,00 €/KILO)
Cereales de trigo inflado con miel Gran Dia caja 500 g;1,99;(3,98 €/KILO)
Cereales rellenos con chocolate y avena Gran Dia caja 500 g;2,10;(4,20 €/KILO)
Cereales de arroz inflado Kellogg's Choco Krispies caja 420 g;3,55;(8,45 €/KILO)
Cereales copos de arroz y trigo integral cubiertos de chocolate Gran Dia caja 300 g;2,12;(7,07 €/KILO)
Cereales con chocolate Kit Kat caja 330 g;3,99;(9,09 €/KILO)
Barritas de cereales con chocolate con leche Gran Dia caja 150 g;1,75;(11,67 €/KILO)
Cereales copos de maíz corn flakes Kellogg's Corn Flakes caja 500 g;3,00;(6,00 €/KILO)
Cereales copos de trigo, arroz y cebada con chocolate negro Gran Dia caja 300 g;2,09;(6,97 €/KILO)
Cereales integrales con chocolate Nestlé Chocapic caja 375 g;3,49;(9,31 €/KILO)
Cereales copos de arroz y trigo integral con frutos rojos Gran Dia caja 300 g;2,09;(6,97 €/KILO)
Cereales con chocolate Kellogg's Choco Krispies caja 420 g;2,99;(7,12 €/KILO)
Cereales de bolas con chocolate Gran Dia caja 500 g;2,29;(4,58 €/KILO)
Muesli extra Gran Dia caja 500 g;1,99;(3,98 €/KILO)
Cereales integrales 0% azúcares añadidos mix choco Esgir bolsa 250 g;2,45;(9,80 €/KILO)
Cereales con miel Nestlé Golden Grahams caja 375 g;3,99;(10,64 €/KILO)
Cereales de arroz inflado con chocolate Gran Dia caja 500 g;2,29;(4,58 €/KILO)
Cereales de desayuno surtidos variety Kellogg's caja 220 g;4,89;(22,23 €/KILO)
Cereales copos de arroz, trigo integral y cebada Gran Dia caja 500 g;2,19;(4,38 €/KILO)
Cereales copos de trigo integral fibre flakes Gran Dia caja 375 g;1,89;(5,04 €/KILO)
Cereales de copos de maíz con azúcar Gran Dia caja 500 g;2,09;(4,18 €/KILO)
Cereales copos de trigo integral y arroz Kellogg's Special K caja 700 g;4,89;(6,99 €/KILO)
Barritas de cereales plátano y chocolate con leche Gran Dia caja 150 g;1,75;(11,67 €/KILO)
Cereales de desayuno con avena integral Nestlé Cheerios caja 300 g;3,79;(12,63 €/KILO)
Cereales rellenos de cacao y avellana Gran Dia caja 500 g;2,39;(4,78 €/KILO)
Cereales de bolas de maíz con miel Gran Dia caja 500 g;2,49;(4,98 €/KILO)
Barritas de cereales con albaricoque, manzana y uvas pasas Gran Dia caja 150 g;1,50;(10,00 €/KILO)
Cereales copos de trigo con fruta y fibra Gran Dia caja 500 g;2,49;(4,98 €/KILO)
Cereales integrales con chocolate nesquik Nesquik caja 375 g;3,99;(10,64 €/KILO)
Cereales con chocolate negro Kellogg's Special K caja 325 g;3,69;(11,35 €/KILO)
Copos suaves de avena integral bio Ecocesta bolsa 500 g;2,49;(4,98 €/KILO)
Cereales copos de maíz tostados Kellogg's Frosties caja 400 g;4,20;(10,50 €/KILO)
Cereales rellenos con cacao y avellana sin gluten Gran Dia bolsa 400 g;2,25;(5,63 €/KILO)
Muesli crujiente con frutas Gran Dia caja 500 g;2,45;(4,90 €/KILO)
Barritas de cereales con avellanas Gran Dia caja 150 g;1,50;(10,00 €/KILO)
Muesli con frutas Gran Dia bolsa 1 Kg;2,49;(2,49 €/KILO)
Tortitas de maíz Naturmundo de Dia bolsa 130 g;1,25;(9,62 €/KILO)
Mini tortitas de maíz y arroz sabor jamón Naturmundo de Dia bolsa 75 g;1,39;(18,53 €/KILO)
Tortitas de arroz integral con chocolate blanco Naturmundo de Dia bolsa 130 g;1,99;(15,31 €/KILO)
Tortitas de arroz integral con chocolate negro Naturmundo de Dia bolsa 130 g;1,99;(15,31 €/KILO)
Tortitas de maíz con chocolate negro Naturmundo de Dia bolsa 90 g;1,50;(16,67 €/KILO)
Mini tortitas sabor campesina Naturmundo de Dia bolsa 75 g;1,39;(18,53 €/KILO)
Tortitas de arroz integral Naturmundo de Dia bolsa 130 g;1,25;(9,62 €/KILO)
Mini tortitas de maíz y arroz sabor queso Naturmundo de Dia bolsa 75 g;1,39;(18,53 €/KILO)
Tortitas de arroz con chocolate blanco y frutos rojos Bicentury bolsa 131 g;3,05;(23,28 €/KILO)
Tortitas de maíz sabor jamón ibérico Bicentury caja 70 g;1,69;(24,14 €/KILO)
Tortitas de maíz sabor jamón ibérico Bicentury bolsa 123 g;2,49;(20,24 €/KILO)
Tortitas de maíz Bicentury bolsa 130 g;1,85;(14,23 €/KILO)
Tortitas de arroz integral con chocolate negro Bicentury bolsa 130 g;2,85;(2,19 €/100 GR.)
Tortitas de maíz sabor setas, trufa y queso Bicentury bolsa 124 g;2,69;(21,69 €/KILO)
Barrita de chocolate con 30% de proteínas Corny bolsa 50 g;1,99;(39,80 €/KILO)
Tortitas de maíz con tomate y aceite de oliva Bicentury bolsa 123 g;2,39;(19,43 €/KILO)
Tortitas de arroz integral con chocolate blanco, almendra y canela Bicentury bolsa 138 g;3,05;(22,10 €/KILO)
Tortitas de arroz integral con chocolate negro 0% azúcares Bicentury bolsa 130 g;3,05;(23,46 €/KILO)
Barritas de proteínas sabor brownie Just loading bolsa 35 g;1,39;(39,71 €/KILO)
Tortitas de maíz con queso y albahaca Bicentury bolsa 123 g;2,39;(19,43 €/KILO)
Barrita proteína sabor chocolate blanco con stracciatella Just loading bolsa 35 g;1,35;(38,57 €/KILO)
Tortitas de maíz sabor barbacoa Bicentury bolsa 148 g;2,39;(16,15 €/KILO)
Tortitas de espelta bio Ecocesta bolsa 108 g;1,79;(16,57 €/KILO)
Tortitas de arroz con chocolate con leche Bicentury bolsa 130 g;3,05;(23,46 €/KILO)
Tortitas de arroz con chocolate con leche y avellanas Bicentury bolsa 142 g;3,05;(21,48 €/KILO)
Barritas de cereales y cacao bañadas en chocolate con leche Bicentury caja 120 g;3,65;(30,42 €/KILO)
Tortitas de arroz y quinoa Ecocesta bolsa 120 g;1,79;(14,92 €/KILO)
Tortitas de arroz integral con chocolate blanco, limón y coco Bicentury bolsa 138 g;3,05;(22,10 €/KILO)
Tortitas de arroz integral sabor yogur Bicentury bolsa 130 g;2,85;(2,19 €/100 GR.)
Barritas de cereales bañadas con chocolate negro sin azúcares Bicentury caja 102 g;3,49;(34,22 €/KILO)
Barritas energéticas de avena sabor capuchino Just loading bolsa 60 g;1,29;(21,50 €/KILO)
Barritas energéticas con dátil, coco y nueces Just loading bolsa 40 g;1,00;(25,00 €/KILO)
Barritas de chocolate con leche con chocochips Bicentury caja 128 g;5,39;(42,11 €/KILO)
Patatas fritas gourmet extra crujientes Snack Maniac de Dia bolsa 150 g;1,35;(9,00 €/KILO)
Nachos sabor a queso Snack Maniac de Dia bolsa 150 g;0,90;(6,00 €/KILO)
Patatas fritas lisas al punto de sal Snack Maniac de Dia bolsa 200 g;1,39;(6,95 €/KILO)
Patatas fritas onduladas sabor jamón Snack Maniac de Dia bolsa 170 g;1,30;(7,65 €/KILO)
Conos de maíz sabor queso y bacon Snack Maniac de Dia bolsa 100 g;0,75;(7,50 €/KILO)
Patatas fritas Santa Ana bolsa 140 g;1,59;(11,36 €/KILO)
Cóctel de aperitivos Sonic Snack Maniac de Dia bolsa 200 g;1,55;(7,75 €/KILO)
Patatas artesanas a la sartén Snack Maniac de Dia bolsa 2 x 150 g;1,90;(6,33 €/KILO)
Aperitivo de maíz con sabor a mantequilla Jumpers bolsa 100 g;1,40;(14,00 €/KILO)
Palomitas sabor mantequilla Snack Maniac de Dia bolsa 80 g;0,75;(9,38 €/KILO)
Patatas fritas sour cream & onion Snack Maniac de Dia 170 g;1,85;(10,88 €/KILO)
Patatas fritas onduladas Snack Maniac de Dia bolsa 180 g;1,20;(6,67 €/KILO)
Nachos naturales Snack Maniac de Dia bolsa 150 g;0,90;(6,00 €/KILO)
Tiras de maíz Sonic Snack Maniac de Dia bolsa 150 g;0,75;(5,00 €/KILO)
Patatas fritas onduladas sabor a jamón Ruffles bolsa 150 g;1,99;(13,27 €/KILO)
Torreznos Snack Maniac de Dia bolsa 100 g;1,37;(13,70 €/KILO)
Patatas fritas campesinas Snack Maniac de Dia bolsa 170 g;1,30;(7,65 €/KILO)
Ganchitos sabor queso Snack Maniac de Dia bolsa 80 g;0,70;(8,75 €/KILO)
Nachos sabor a queso Doritos bolsa 140 g;1,99;(14,21 €/KILO)
Conos de maíz sabor a queso y bacon Lay's 3D's bolsa 100 g;1,50;(15,00 €/KILO)
Surtido de snacks Picoteo Tosfrit bolsa 90 g;0,95;(10,56 €/KILO)
Aperitivo horneado con sabor a queso y ketchup Cheetos bolsa 96 g;1,99;(20,73 €/KILO)
Aperitivo de maíz horneado sabor a queso Cheetos bolsa 130 g;1,89;(14,54 €/KILO)
Aperitivos de maíz dianitos Dia bolsa 80 g;0,70;(8,75 €/KILO)
Patatas light Snack Maniac de Dia bolsa 150 g;1,30;(8,67 €/KILO)
Cortezas de trigo Snack Maniac de Dia bolsa 80 g;0,85;(10,63 €/KILO)
Aperitivo frito con sabor a queso Cheetos bolsa 75 g;1,99;(26,53 €/KILO)
Aperitivo frito con sabor a barbacoa Gublins Grefusa bolsa 135 g;1,65;(12,22 €/KILO)
Patatas fritas onduladas sabor jamón y queso Ruffles bolsa 150 g;1,99;(13,27 €/KILO)
Patatas fritas al punto de sal Lay's bolsa 265 g;2,99;(11,28 €/KILO)
Cortezas de cerdo Snack Maniac de Dia bolsa 75 g;1,00;(13,33 €/KILO)
Aperitivo frito con sabor a jamón Papadelta Grefusa bolsa 73 g;1,65;(22,60 €/KILO)
Patatas fritas sabor crema y cebolla Pringles bote 165 g;2,60;(15,76 €/KILO)
Patatas paja Snack Maniac de Dia bolsa 200 g;1,50;(7,50 €/KILO)
Palomitas de colores Frit ravich bolsa 130 g;1,55;(11,92 €/KILO)
Patatas fritas a la vinagreta Snack Maniac de Dia bolsa 130 g;1,45;(11,15 €/KILO)
Aros de maíz frito Tosfrit bolsa 120 g;1,05;(8,75 €/KILO)
Aperitivo de maíz frito con sabor a barbacoa Doritos bolsa 40 g;0,50;(1,25 €/100 GR.)
Patatas fritas gourmet extra crujientes Snack Maniac de Dia bolsa 40 g;0,49;(12,25 €/KILO)
Patatas fritas onduladas Ruffles bolsa 160 g;1,85;(11,56 €/KILO)
Pepinillos sabor anchoa Vegecampo de Dia frasco 180 g;1,25;(6,94 €/KILO)
(4,17 €/KILO);Aceitunas rellenas de anchoa Vegecampo de Dia lata 3 x 50 g;1,60 €
(10,67 €/KILO);Aceitunas negras sin hueso Vegecampo de Dia lata 150 g;1,05 €
(7,00 €/KILO);Aceitunas chupadedos con hueso Vegecampo de Dia frasco 410 g;2,25 €
(5,49 €/KILO);Aceitunas verdes con hueso Vegecampo de Dia frasco 500 g;2,60 €
(5,20 €/KILO);Aceitunas rellenas de anchoa Vegecampo de Dia lata 150 g;1,19 €
(7,93 €/KILO);Pepinillos y cebollitas Vegecampo de Dia frasco 380 g;1,90 €
(5,00 €/KILO);Aceitunas verdes sin hueso Vegecampo de Dia frasco 400 g;2,60 €
(6,50 €/KILO);Aceitunas verdes sin hueso Vegecampo de Dia bolsa 3 x 75 g;1,65 €
(7,33 €/KILO);Pepinillos pequeños Vegecampo de Dia frasco 180 g;1,17 €
(6,50 €/KILO);Guindillas en vinagre Vegecampo de Dia frasco 120 g;1,43 €
(11,92 €/KILO);Banderillas dulces Vegecampo de Dia frasco 140 g;1,44 €
(10,29 €/KILO);Aceitunas rellenas de anchoa suave Vegecampo de Dia lata 3 x 50 g;1,80 €
(12,00 €/KILO);Aceitunas chupadedos verderonas Vegecampo de Dia lata 185 g;1,70 €
(9,19 €/KILO);Alcaparras en vinagre Vegecampo de Dia frasco 80 g;1,30 €
(16,25 €/KILO);Aceitunas gordal aliñada sin hueso Vegecampo de Dia frasco 340 g;3,39 €
(9,97 €/KILO);Aceitunas negras en rodajas Vegecampo de Dia lata 3 x 50 g;2,00 €
(13,33 €/KILO);Banderillas picantes Vegecampo de Dia frasco 140 g;1,44 €
(10,29 €/KILO);Aceitunas verdes con hueso sabor anchoa Vegecampo de Dia frasco 500 g;2,75 €
(5,50 €/KILO);Berenjena de almagro aliñada Calzado lata 420 g;2,85 €
(6,79 €/KILO);Aceitunas negras con hueso Vegecampo de Dia lata 185 g;0,99 €
(5,35 €/KILO);Cebollitas en vinagre Vegecampo de Dia frasco 180 g;1,52 €
(8,44 €/KILO);Altramuces Vegecampo de Dia frasco 265 g;1,29 €
(4,87 €/KILO);Aceitunas estilo casero Vegecampo de Dia frasco 410 g;2,12 €
(5,17 €/KILO);Aceitunas rellenas de anchoa grandes Vegecampo de Dia lata 150 g;1,55 €
(10,33 €/KILO);Pepinillos laminados Vegecampo de Dia frasco 290 g;1,90 €
(6,55 €/KILO);Aceitunas gazpacha Vegecampo de Dia frasco 410 g;2,45 €
(5,98 €/KILO);Aceitunas verdes sin hueso Jolca bolsa 90 g;0,99 €
(11,00 €/KILO);Cóctel de encurtidos Vegecampo de Dia frasco 400 g;2,60 €
(6,50 €/KILO);Aceitunas rellenas de anchoa suave Vegecampo de Dia lata 150 g;1,49 €
(9,93 €/KILO);Cocktail de encurtidos Rioverde frasco 180 g;1,69 €
(9,39 €/KILO);Aceitunas rellenas de jalapeño Vegecampo de Dia lata 150 g;1,65 €
(11,00 €/KILO);Jalapeños en rodajas Vegecampo de Dia frasco 85 g;1,75 €
(20,59 €/KILO);Aceitunas negras sin hueso Serpis lata 85 g;1,59 €
(18,71 €/KILO);Aceitunas sin hueso camperas Vegecampo de Dia lata 150 g;1,70 €
(11,33 €/KILO);Piparras Rioverde frasco 120 g;2,69 €
(22,42 €/KILO);Aceitunas coloradas Vegecampo de Dia frasco 250 g;1,85 €
(7,40 €/KILO);Aceituna aliñada receta del cortijo Sarasa lata 185 g;1,99 €
(10,76 €/KILO);Berenjena de Almagro aliñada Calzado frasco 200 g;2,49 €
Nueces sin cáscara al natural Naturmundo de Dia bolsa 200 g;2,65;(13,25 €/KILO)
Anacardo al natural Naturmundo de Dia bolsa 200 g;2,40;(12,00 €/KILO)
Cacahuete frito salado Naturmundo de Dia bolsa 250 g;1,00;(3,20 €/KILO)
Pistachos tostados con sal Naturmundo de Dia bolsa 250 g;3,35;(13,40 €/KILO)
Mix de frutos secos clásico Naturmundo de Dia bolsa 200 g;2,75;(13,75 €/KILO)
Almendras al natural con piel Naturmundo de Dia bolsa 200 g;2,30;(11,50 €/KILO)
Mix de frutos secos naturales Naturmundo de Dia bolsa 200 g;2,50;(12,50 €/KILO)
Pipas gigantes aguasal Snack Maniac de Dia bolsa 200 g;1,20;(6,00 €/KILO)
Almendras fritas saladas Naturmundo de Dia bolsa 200 g;2,75;(13,75 €/KILO)
Mix de frutos secos harmony Naturmundo de Dia bolsa 200 g;2,89;(14,45 €/KILO)
Pipas gigantes con sal Snack Maniac de Dia bolsa 200 g;1,20;(6,00 €/KILO)
Mix frutos secos Frit ravich bolsa 110 g;1,20;(10,91 €/KILO)
Anacardos fritos Naturmundo de Dia bolsa 200 g;2,40;(12,00 €/KILO)
Cacahuetes fritos con miel Snack Maniac de Dia bolsa 200 g;1,65;(8,25 €/KILO)
Maíz frito barbacoa MisterCorn bolsa 160 g;1,95;(12,19 €/KILO)
Palomitas sabor mantequilla Snack Maniac de Dia caja 270 g;1,20;(4,44 €/KILO)
Palomitas con sal Snack Maniac de Dia caja 270 g;1,00;(3,70 €/KILO)
Avellanas tostadas Naturmundo de Dia bolsa 200 g;3,00;(15,00 €/KILO)
Palomitas al punto de sal microondas Popitas caja 300 g;2,45;(8,17 €/KILO)
Pipas peladas Naturmundo de Dia bolsa 200 g;1,10;(5,50 €/KILO)
Cacahuetes con cáscara tostados sin sal añadida Naturmundo de Dia bolsa 250 g;1,25;(5,00 €/KILO)
Cacahuetes tostados sin sal añadida Naturmundo de Dia bolsa 200 g;1,15;(5,75 €/KILO)
Maíz para palomitas Snack Maniac de Dia bolsa 500 g;1,59;(3,18 €/KILO)
Pipas gigantes sin sal Snack Maniac de Dia bolsa 125 g;0,81;(6,48 €/KILO)
Frutos secos clasic Snack Maniac de Dia bolsa 250 g;1,85;(7,40 €/KILO)
Mix de frutos secos enjoy Naturmundo de Dia bolsa 200 g;2,89;(14,45 €/KILO)
Almendras con piel tostadas Naturmundo de Dia bolsa 200 g;2,85;(14,25 €/KILO)
Mix de frutas deshidratadas Naturmundo de Dia bolsa 200 g;1,60;(8,00 €/KILO)
Nuez pecana dia naturmundo Naturmundo de Dia bolsa 150 g;2,78;(18,53 €/KILO)
Frutos secos tex-mex Snack Maniac de Dia bolsa 200 g;1,75;(8,75 €/KILO)
Pipas G tijuana Grefusa bolsa 165 g;1,85;(11,21 €/KILO)
Cocktail frutos secos Snack Maniac de Dia bolsa 500 g;2,67;(5,34 €/KILO)
Mix frutos secos Frit ravich bolsa 300 g;2,95;(9,83 €/KILO)
Avellanas al natural Naturmundo de Dia bolsa 150 g;2,19;(14,60 €/KILO)
Almendras tostadas con piel sin sal Naturmundo de Dia bolsa 200 g;2,85;(14,25 €/KILO)
Nuez de macadamia tostada con sal Naturmundo de Dia bolsa 100 g;2,70;(27,00 €/KILO)
Piñones al natural Naturmundo de Dia bolsa 70 g;2,99;(42,71 €/KILO)
Maíz frito sabor barbacoa Snack Maniac de Dia bolsa 170 g;1,00;(5,88 €/KILO)
Cacahuetes con cáscara salados Naturmundo de Dia bolsa 250 g;1,25;(5,00 €/KILO)
Pipas G con sal Grefusa bolsa 165 g;1,75;(10,61 €/KILO)
Pizza jamón y queso Al Punto Dia bandeja 400 g;2,41;(6,03 €/KILO)
Pizza barbacoa Al Punto Dia bandeja 425 g;2,99;(7,04 €/KILO)
Pizza 4 quesos Al Punto Dia bandeja 390 g;2,89;(7,41 €/KILO)
Pizza carbonara Al Punto Dia bandeja 400 g;2,89;(7,23 €/KILO)
Pizza atún y bacon Al Punto Dia bandeja 400 g;2,89;(7,23 €/KILO)
Pizza jamón y queso Casa Tarradellas bandeja 2 x 225 g;3,19;(7,09 €/KILO)
Pizza pollo Al Punto Dia bandeja 400 g;2,89;(7,23 €/KILO)
Pizza con salsa cheddar Al Punto Dia bandeja 410 g;2,99;(7,29 €/KILO)
Pizza serrana Al Punto Dia bandeja 390 g;2,89;(7,41 €/KILO)
Pizza jamón y queso Casa Tarradellas bandeja 405 g;3,19;(7,88 €/KILO)
Pizza 4 quesos Casa Tarradellas bandeja 390 g;3,19;(8,18 €/KILO)
Pizza boloñesa con salsa de tomate y orégano Al Punto Dia bandeja 410 g;2,99;(7,29 €/KILO)
Pizza smoky grilled pork Al Punto Dia bandeja 480 g;2,99;(6,23 €/KILO)
Pizza atún y bacon Casa Tarradellas bandeja 405 g;3,19;(7,88 €/KILO)
Pizza jamón serrano Casa Tarradellas bandeja 390 g;3,19;(8,18 €/KILO)
Pizza carbonara Casa Tarradellas bandeja 400 g;3,19;(7,98 €/KILO)
Pizza pollo Casa Tarradellas bandeja 410 g;3,19;(7,78 €/KILO)
Pizza chicken cream cheese Al Punto Dia bandeja 460 g;2,99;(6,50 €/KILO)
Flautas de pollo y 2 quesos Al Punto Dia bandeja 275 g;1,95;(7,09 €/KILO)
Flautas de bacon y 2 quesos Al Punto Dia bandeja 275 g;1,95;(7,09 €/KILO)
Fabada asturiana Al Punto Dia lata 435 g;1,49;(3,43 €/KILO)
Hummus clásico Al Punto Dia tarrina 220 g;1,29;(5,86 €/KILO)
Lasaña boloñesa Al Punto Dia bandeja 350 g;2,62;(7,49 €/KILO)
Lentejas con chorizo Al Punto Dia lata 415 g;1,33;(3,20 €/KILO)
Tiras de pollo braseado Nuestra Alacena de Dia bandeja 2 x 65 g;2,25;(17,31 €/KILO)
Albóndigas de pollo Al Punto Dia lata 415 g;1,68;(4,05 €/KILO)
Migas con chorizo Al Punto Dia bandeja 250 g;1,89;(7,56 €/KILO)
Flautas de carne y salsa barbacoa con bacon Al Punto Dia bandeja 275 g;1,95;(7,09 €/KILO)
Redondo de pollo asado relleno de bacon La carloteña bolsa 250 g;2,75;(11,00 €/KILO)
Volantinas con queso Al Punto Dia sobre 145 g;1,25;(8,62 €/KILO)
Gyozas de pollo y verduras al teppanyaki Al Punto Dia bandeja 140 g;2,95;(21,07 €/KILO)
(7,16 €/KILO);Albóndigas Al Punto Dia lata 415 g;1,68 €
(4,05 €/KILO);Callos con chorizo Al Punto Dia lata 380 g;2,30 €
(6,05 €/KILO);Macarrones con chorizo Al Punto Dia bandeja 250 g;2,35 €
(9,40 €/KILO);Noodles sabor pollo Al Punto Dia sobre 85 g;0,89 €
(10,47 €/KILO);Yarroz con pollo y salsa teriyaki Gallina Blanca vaso 84 g;1,99 €
(23,69 €/KILO);Hummus de pimiento Al Punto Dia tarrina 220 g;1,49 €
(6,77 €/KILO);Fabada asturiana Litoral lata 420 g;2,55 €
(6,07 €/KILO);Lentejas con verduras Al Punto Dia lata 415 g;1,19 €
(2,87 €/KILO);Albóndigas con tomate y patatas Al Punto Dia bandeja 250 g;2,89 €
(11,56 €/KILO);Crema de calabaza y zanahoria Don Simón tarrina 300 ml;1,49 €
(4,97 €/LITRO);Ensaladilla de cangrejo Ensalandia bandeja 250 g;1,95 €
(7,80 €/KILO);Codillo asado con patatas Al Punto Dia bandeja 450 g;3,19 €
(7,09 €/KILO);Sándwich mixto de jamón y queso Casa Tarradellas bandeja 240 g;1,89 €
(7,88 €/KILO);Tallarines a la carbonara Al Punto Dia bandeja 250 g;2,35 €
(9,40 €/KILO);Fabada asturiana Al Punto Dia lata 865 g;2,95 €
(3,41 €/KILO);Fusilli a la carbonara Al Punto Dia sobre 145 g;1,25 €
(8,62 €/KILO);Fajitas Al Punto Dia bandeja 275 g;1,95 €
(7,09 €/KILO);Pastel de atún Al Punto Dia bandeja 260 g;2,89 €
(11,12 €/KILO);Cocido madrileño Al Punto Dia lata 425 g;1,85 €
(4,35 €/KILO);Redondo de pollo asado La carloteña bolsa 340 g;3,89 €
(11,44 €/KILO);Lasaña boloñesa fresca Al Punto Dia bandeja 800 g;3,95 €
(4,94 €/KILO);Tiras de pollo Nuestra Alacena de Dia bandeja 2 x 65 g;2,25 €
(17,31 €/KILO);Yarroz con ternera y salsa de soja Gallina Blanca vaso 84 g;1,99 €
(23,69 €/KILO);Gyozas de langostino al teppanyaki Al Punto Dia bandeja 140 g;2,95 €
(21,07 €/KILO);Cocido madrileño Litoral lata 425 g;2,99 €
(7,04 €/KILO);Pollo asado troceado Bonchef bolsa 1.3 Kg aprox.;8,13 €
Tortillas trigo Al Punto Dia bolsa 320 g;1,25;(3,91 €/KILO)
Noodles orientales sabor pollo Al Punto Dia vaso 65 g;0,85;(13,08 €/KILO)
Rollitos de primavera Al Punto Dia bandeja 280 g;2,45;(8,75 €/KILO)
Noodles de arroz Selección Mundial de Dia bolsa 200 g;1,50;(7,50 €/KILO)
Gyozas de pollo y verduras al teppanyaki Al Punto Dia bandeja 140 g;2,95;(21,07 €/KILO)
(5,16 €/KILO);Fideos orientales fusian sabor teriyaki Maggi sobre 130 g;1,99 €
(15,31 €/KILO);Pollo al curry con arroz basmati Al Punto Dia bandeja 300 g;2,95 €
(9,83 €/KILO);Noodles sabor gamba Al Punto Dia sobre 85 g;0,89 €
(10,47 €/KILO);Noodles sabor pollo Al Punto Dia sobre 85 g;0,89 €
(10,47 €/KILO);Fideos orientales pollo con soja Gallina Blanca sobre 82 g;1,00 €
(12,66 €/KILO);Fideos orientales pollo Gallina Blanca Yatekomo bote 2 x 60 g;3,05 €
(25,42 €/KILO);Fajitas Al Punto Dia bandeja 275 g;1,95 €
(7,09 €/KILO);Gyozas de langostino al teppanyaki Al Punto Dia bandeja 140 g;2,95 €
(21,07 €/KILO);Fideos yakisoba Al Punto Dia bandeja 250 g;2,45 €
(9,80 €/KILO);Sazonador para fajitas Old El Paso sobre 30 g;1,39 €
(46,33 €/KILO);Sazonador para fajitas Al Punto Dia sobre 30 g;0,89 €
(29,67 €/KILO);Tabulé oriental Pierre Martinet bandeja 200 g;1,95 €
(9,75 €/KILO);Frijoles negros enteros La costeña lata 560 g;3,35 €
(5,98 €/KILO);Fideos de arroz vermicelli Tiger Khan bolsa 250 g;2,35 €
(9,40 €/KILO);Jugo de coco bajo en grasa Tiger Khan lata 400 g;2,39 €
(5,98 €/KILO);Salsa en polvo Tajín frasco 142 g;3,30 €
(23,24 €/KILO);Fideos orientales yakisoba Gallina Blanca Yatekomo vaso 93 g;1,95 €
(20,97 €/KILO);Fideos orientales yakisoba Gallina Blanca Yatekomo bolsa 93 g;1,59 €
(17,10 €/KILO);Pasta oriental fusian sabor pollo Maggi sobre 71 g;0,99 €
(13,94 €/KILO);Fideos orientales pollo Gallina Blanca Yatekomo vaso 60 g;1,55 €
(25,83 €/KILO);Noodles orientales sabor verduras Al Punto Dia vaso 65 g;0,85 €
(13,08 €/KILO);Tortillas wraps Old El Paso bolsa 350 g;3,39 €
(9,69 €/KILO);Fideos orientales yakisoba pollo Gallina Blanca Yatekomo vaso 93 g;1,95 €
(20,97 €/KILO);Tortillas de trigo Old El Paso bolsa 244 g;2,35 €
(9,63 €/KILO);Alga wakame 100% natural Trevijano bandeja 50 g;2,95 €
(59,00 €/KILO);Fideos tradicionales Tiger Khan bolsa 400 g;3,35 €
(8,38 €/KILO);Tortilla pockets Old El Paso caja 223 g;3,39 €
(15,20 €/KILO);Salsa mexicana verde La costeña lata 220 g;2,05 €
(9,32 €/KILO);Fideos de arroz Tiger Khan bolsa 375 g;3,19 €
(8,51 €/KILO);Cous cous marroquí Trevijano bandeja 300 g;3,25 €
(10,83 €/KILO);Tortillas de trigo para burrito Mexifoods bolsa 370 g;2,49 €
(6,73 €/KILO);Chili con carne Old El Paso lata 418 g;3,99 €
(9,55 €/KILO);Sazonador para burritos suave Old El Paso sobre 40 g;1,39 €
(34,75 €/KILO);Tortillas mexicanas sin gluten Old El Paso bolsa 216 g;3,39 €
Tortilla de patatas con cebolla Al Punto Dia bandeja 600 g;2,59;(4,32 €/KILO)
Empanada de atún El molino de Dia bolsa 550 g;3,69;(6,71 €/KILO)
Mini tortilla de patatas con cebolla Al Punto Dia bandeja 220 g;1,29;(5,86 €/KILO)
Tortilla de patatas sin cebolla Al Punto Dia bandeja 600 g;2,59;(4,32 €/KILO)
Empanada de pollo El molino de Dia bolsa 120 g;0,69;(5,75 €/KILO)
(6,71 €/KILO);Empanada de carne El molino de Dia bolsa 550 g;3,69 €
(6,71 €/KILO);Tortilla de patata fresca Al Punto Dia bandeja 600 g;2,95 €
(4,92 €/KILO);Tortilla de patatas con chorizo Al Punto Dia bandeja 600 g;3,69 €
(6,15 €/KILO);Empanada de bacalao El molino de Dia bolsa 550 g;3,69 €
(6,71 €/KILO);Tortilla de patatas con cebolla Palacios bandeja 650 g;4,89 €
(7,52 €/KILO);Tortilla de patatas con espinacas Palacios bandeja 300 g;2,79 €
(9,30 €/KILO);Tortilla vegana Revolu green bolsa 200 g;1,39 €
Gazpacho Al Punto Dia brik 1 l;1,70;(1,70 €/LITRO)
Gazpacho Al Punto Dia brik 3 x 330 ml;2,20;(2,22 €/LITRO)
Salmorejo Al Punto Dia brik 1 l;2,30;(2,30 €/LITRO)
Gazpacho suave Al Punto Dia brik 1 l;1,89;(1,89 €/LITRO)
Hielo en cubitos bolsa 2 Kg;0,99;(0,50 €/KILO)
Helado bombón mini doble chocolate y caramelo salado Temptation de Dia estuche 216 g;2,69;(7,82 €/KILO)
Helado bombón chocolate blanco con palomitas 3 unidades Temptation de Dia estuche 195 g;2,39;(7,64 €/KILO)
Helado cono de nata y chocolate 4 unidades Temptation de Dia caja 272 g;1,89;(6,95 €/KILO)
Helado sabor dulce de leche Temptation de Dia tarrina 525 g;2,99;(5,70 €/KILO)
Helado sándwich de nata 6 unidades Temptation de Dia caja 300 g;1,99;(6,63 €/KILO)
Tarta laminada nata y chocolate Temptation de Dia caja 525 g;2,29;(4,36 €/KILO)
Helado cookie dough Temptation de Dia tarrina 350 g;2,85;(8,14 €/KILO)
Helado de chocolate con trozos Temptation de Dia tarrina 540 g;2,99;(5,54 €/KILO)
Nata montada congelada Somosierra tarrina 240 g;2,49;(10,38 €/KILO)
Helado cono de nata 4 unidades Temptation de Dia caja 272 g;1,89;(6,95 €/KILO)
Helado sabor stracciatella Temptation de Dia tarrina 525 g;2,99;(5,70 €/KILO)
Helado mini bombón clásico y almendrado sin azúcar 6 unidades Temptation de Dia estuche 216 g;2,89;(13,38 €/KILO)
(7,50 €/KILO);Helado sándwich cookie con vainilla 4 unidades Temptation de Dia caja 220 g;2,49 €
(11,32 €/KILO);Helado bombón almendrado Temptation de Dia caja 360 g;2,59 €
(7,19 €/KILO);Helado de vainilla con nueces de macadamia Temptation de Dia tarrina 350 g;2,85 €
(8,14 €/KILO);Helado cookie dough Ben & Jerry's tarrina 406 g;6,99 €
(17,22 €/KILO);Helado bombón mini surtido 8 unidades Temptation de Dia estuche 288 g;2,59 €
(8,99 €/KILO);Helado bloque sabor turrón Temptation de Dia caja 525 g;2,52 €
(4,80 €/KILO);Helado sabor vainilla Temptation de Dia tarrina 500 g;2,29 €
(4,58 €/KILO);Helado caramel biscuit Temptation de Dia tarrina 350 g;2,85 €
(8,14 €/KILO);Helado sándwich nata y chocolate 6 unidades Somosierra caja 300 g;3,29 €
(10,97 €/KILO);Tarta helada sabor whisky Temptation de Dia caja 525 g;2,69 €
(5,12 €/KILO);Helado de yogur y frutos del bosque Carte D'Or tarrina 480 g;4,99 €
(10,40 €/KILO);Helado dulce de leche Haagen Dazs tarrina 400 g;7,29 €
(18,23 €/KILO);Helado de nata waffle 4 unidades Nestlé Maxibon caja 360 g;5,99 €
(16,64 €/KILO);Helado bombón almendras 3 + 1 unidades Magnum caja 300 g;4,49 €
(14,97 €/KILO);Helado mini cups chocolate collection 4 unidades Haagen Dazs caja 326 g;5,99 €
(18,37 €/KILO);Helado mini bombón mix Magnum caja 6 + 2 uds 356 g;4,99 €
(14,02 €/KILO);Sorbete helado de limón Temptation de Dia tarrina 540 g;2,49 €
(4,61 €/KILO);Helado vainilla macadamia Haagen Dazs tarrina 400 g;7,29 €
(18,23 €/KILO);Helado fruit collection mini cups 4 unidades Haagen Dazs caja 321 g;7,49 €
(23,33 €/KILO);Helado sándwich filipinos XXL 4 unidades Frigo caja 308 g;5,69 €
(18,47 €/KILO);Helado caramelo salado Haagen Dazs tarrina 400 g;7,29 €
(18,23 €/KILO);Helado bombón after dinner classic 8 unidades Magnum caja 232 g;4,99 €
(21,51 €/KILO);Helado cono chocolate y vainilla 4 unidades Milka caja 270 g;5,49 €
(20,33 €/KILO);Helado mini bombón almendras 6 unidades Magnum caja 276 g;4,99 €
(18,08 €/KILO);Helado de nata con gotas de chocolate 4 unidades Nestlé Maxibon caja 384 g;5,99 €
(15,60 €/KILO);Helado bombón after dinner frac 8 unidades Magnum caja 232 g;4,99 €
Baguette jamón y queso 2 unidades Al Punto Dia caja 250 g;1,89;(7,56 €/KILO)
Pizza reina 2 unidades Al Punto Dia caja 700 g;3,39;(4,84 €/KILO)
Pizza 4 quesos Al Punto Dia caja 400 g;2,49;(6,23 €/KILO)
Pizza jamón y queso Al Punto Dia caja 350 g;2,49;(7,11 €/KILO)
Mini pizzas jamón y queso Al Punto Dia caja 270 g;2,49;(9,22 €/KILO)
Pizza crispy bacon Al Punto Dia caja 450 g;3,99;(8,87 €/KILO)
Pizza barbacoa Al Punto Dia caja 350 g;2,49;(7,11 €/KILO)
Pizza 6 quesos Al Punto Dia caja 470 g;3,99;(8,49 €/KILO)
Pizza super pepperoni Al Punto Dia caja 417 g;3,99;(9,57 €/KILO)
Pizza carbonara Al Punto Dia caja 465 g;3,99;(8,58 €/KILO)
Pizza bacon y atún Al Punto Dia caja 400 g;2,49;(6,23 €/KILO)
Pizza burger Al Punto Dia caja 445 g;3,99;(8,97 €/KILO)
Pizza boloñesa Al Punto Dia caja 375 g;2,49;(6,64 €/KILO)
Pizza campestre Al Punto Dia caja 400 g;2,49;(6,23 €/KILO)
Pizza mozzarella Dr. Oetker Ristorante caja 355 g;3,85;(10,85 €/KILO)
Pizza 4 quesos Dr. Oetker Ristorante caja 340 g;3,99;(11,74 €/KILO)
Mini pizzas piccolissima prosciutto Dr. Oetker Ristorante caja 288 g;4,25;(14,76 €/KILO)
Pizza speciale Dr. Oetker Ristorante caja 330 g;3,99;(12,09 €/KILO)
Pannini jamón y queso Dr. Oetker caja 250 g;3,25;(13,00 €/KILO)
Pizza atún Dr. Oetker Ristorante caja 355 g;3,99;(11,24 €/KILO)
Pizza spinaci Dr. Oetker Ristorante caja 390 g;3,99;(10,23 €/KILO)
Pizza rustica doble pepperoni Dr. Oetker Ristorante caja 565 g;5,49;(9,72 €/KILO)
Pannini barbacoa Dr. Oetker caja 250 g;3,25;(13,00 €/KILO)
Pannini 4 quesos Dr. Oetker caja 250 g;3,25;(13,00 €/KILO)
Pizza barbacoa Dr. Oetker Ristorante caja 340 g;3,85;(11,32 €/KILO)
Pizza prosciutto Dr. Oetker Ristorante caja 340 g;3,99;(11,74 €/KILO)
Pizza prosciutto sin gluten Dr. Oetker caja 345 g;4,59;(13,30 €/KILO)
Pizza rustica cuatro quesos Dr. Oetker caja 555 g;5,49;(9,89 €/KILO)
Filete de merluza argentino sin piel Mari Marinera de Dia bolsa 400 g;3,29;(6,17 €/KILO)
Lomos de salmón Selección Mundial de Dia bolsa 250 g;6,39;(19,17 €/KILO)
Filete de merluza empanada Mari Marinera de Dia bolsa 600 g;4,95;(8,25 €/KILO)
Almeja del pacífico Mari Marinera de Dia bolsa 450 g;1,69;(3,76 €/KILO)
Filetes de atún MSC Mari Marinera de Dia bandeja 250 g;3,99;(15,96 €/KILO)
Filetes de bacalao MSC Mari Marinera de Dia bandeja 360 g;4,99;(10,40 €/KILO)
Merluza rebozada al huevo MSC Mari Marinera de Dia caja 340 g;2,79;(8,21 €/KILO)
Filete de dorada Mari Marinera de Dia bolsa 180 g;3,99;(16,63 €/KILO)
Rabas empanadas Mari Marinera de Dia bolsa 400 g;3,19;(7,98 €/KILO)
Filete de merluza del cabo sin piel MSC Mari Marinera de Dia bolsa 600 g;5,29;(8,82 €/KILO)
Preparado para paellas y sopas Mari Marinera de Dia bolsa 685 g;3,99;(5,82 €/KILO)
Muslitos de mar MSC Mari Marinera de Dia caja 250 g;1,49;(5,96 €/KILO)
Varitas de merluza MSC Mari Marinera de Dia caja 450 g;3,99;(8,87 €/KILO)
Langostino crudo grande 32/48 piezas Mari Marinera de Dia caja 800 g;7,99;(9,99 €/KILO)
Caprichos del mar Mari Marinera de Dia bolsa 400 g;1,99;(4,98 €/KILO)
Corazones de merluza Pescanova caja 500 g;6,79;(10,98 €/KILO)
Calamar troceado Mari Marinera de Dia bolsa 450 g;3,99;(8,87 €/KILO)
Filete de bacalao 100% natural MSC Mari Marinera de Dia bolsa 300 g;4,99;(16,63 €/KILO)
Gambas peladas medianas 70/90 piezas Mari Marinera de Dia bolsa 350 g;4,81;(13,74 €/KILO)
Tiras de potón Mari Marinera de Dia bolsa 350 g;2,99;(8,54 €/KILO)
Filete de boquerón en tempura Cocinarte bolsa 400 g;3,75;(9,38 €/KILO)
Filete de lubina Mari Marinera de Dia bolsa 180 g;3,99;(22,17 €/KILO)
Filetes de merluza sin piel baby Pescanova bolsa 400 g;5,19;(12,98 €/KILO)
Sucedáneo de angula MSC Mari Marinera de Dia bandeja 250 g;1,99;(7,96 €/KILO)
Filete de panga ASC Exkimo bolsa 480 g;2,59;(5,40 €/KILO)
Gambas peladas grandes 35/55 piezas Mari Marinera de Dia bolsa 350 g;5,78;(16,51 €/KILO)
Rodajas de emperador Mari Marinera de Dia bolsa 475 g;5,99;(12,61 €/KILO)
Colas de gambón pelado crudo Mari Marinera de Dia bandeja 200 g;5,24;(26,20 €/KILO)
Gambón crudo Mari Marinera de Dia caja 800 g;9,99;(12,49 €/KILO)
Nuggets de merluza Pescanova bolsa 300 g;2,19;(7,30 €/KILO)
Porciones de merluza del cabo MSC Mari Marinera de Dia caja 400 g;3,69;(9,23 €/KILO)
Coquina del Mediterráneo Aligator bolsa 250 g;3,79;(15,16 €/KILO)
Anillas a la romana Mari Marinera de Dia bolsa 400 g;3,44;(8,60 €/KILO)
Carne de mejillón cocido Mari Marinera de Dia bolsa 250 g;2,14;(8,56 €/KILO)
Palitos de surimi ultracongelados MSC Mari Marinera de Dia bolsa 450 g;1,99;(4,42 €/KILO)
Preparado de paella con caldo Mari Marinera de Dia bandeja 500 g;3,49;(6,98 €/KILO)
Chipirón enharinado Mari Marinera de Dia bolsa 250 g;3,49;(13,96 €/KILO)
Colas de gamba rebozadas Cocinarte bolsa 200 g;2,59;(12,95 €/KILO)
Medallones de merluza del cabo MSC Mari Marinera de Dia bolsa 475 g;4,29;(9,03 €/KILO)
Filete de salmón salvaje MSC Mari Marinera de Dia bolsa 360 g;5,99;(16,64 €/KILO)
Nuggets de pollo Al Punto Dia bolsa 400 g;2,99;(7,48 €/KILO)
San jacobo Al Punto Dia bolsa 320 g;1,19;(3,72 €/KILO)
Fingers de pollo Al Punto Dia bolsa 400 g;3,19;(7,98 €/KILO)
Kebab loncheado de pollo Gourmet Kebab bolsa 250 g;3,49;(13,96 €/KILO)
Crunchy de pollo con salsa barbacoa Fripozo bolsa 300 g;2,49;(8,30 €/KILO)
Kebab fusión + proteínas Fripozo bolsa 320 g;2,99;(9,34 €/KILO)
Mini cachopo de vacuno Facefood bolsa 500 g;9,49;(18,98 €/KILO)
Finger de pollo La cocinera caja 320 g;4,99;(15,59 €/KILO)
Dippers de pollo al estilo americano La cocinera caja 220 g;2,99;(13,59 €/KILO)
Alitas de pollo estilo americano La cocinera caja 400 g;4,99;(12,48 €/KILO)
Mezcla de pimientos Vegecampo de Dia bolsa 400 g;1,16;(2,90 €/KILO)
Cebolla troceada Vegecampo de Dia bolsa 400 g;0,92;(2,30 €/KILO)
Arroz tres delicias Al Punto Dia bolsa 850 g;2,42;(2,85 €/KILO)
Salteado de verduras Al Punto Dia bolsa 450 g;1,01;(2,53 €/KILO)
Brócoli Vegecampo de Dia bolsa 900 g;1,87;(2,08 €/KILO)
Guisantes Vegecampo de Dia bolsa 1 Kg;1,61;(1,61 €/KILO)
Espinacas cortadas Vegecampo de Dia bolsa 450 g;0,99;(2,20 €/KILO)
Salteado de setas Vegecampo de Dia bolsa 400 g;1,43;(3,58 €/KILO)
Menestra de verduras Vegecampo de Dia bolsa 1 Kg;1,79;(1,79 €/KILO)
Ajo troceado Vegecampo de Dia bolsa 150 g;0,99;(6,60 €/KILO)
Pisto de verduras con tomate Al Punto Dia bolsa 450 g;1,99;(4,42 €/KILO)
Braseado de verduras con pollo asado Al Punto Dia bolsa 400 g;1,99;(4,98 €/KILO)
Parrillada de verduras asadas Al Punto Dia bolsa 400 g;1,74;(3,87 €/KILO)
Judías verdes planas Vegecampo de Dia bolsa 1 Kg;1,56;(1,56 €/KILO)
Salteado de gambas, ajetes y espárragos verdes Al Punto Dia bolsa 400 g;2,79;(6,98 €/KILO)
Relleno para fajitas con pollo, pimientos y cebolla Al Punto Dia bolsa 300 g;1,95;(6,50 €/KILO)
Arroz negro Al Punto Dia bolsa 330 g;1,99;(6,03 €/KILO)
Gnocchis con pollo y verduras Al Punto Dia bolsa 450 g;2,36;(5,24 €/KILO)
Brócoli, coliflor y zanahoria Vegecampo de Dia bolsa 1 Kg;2,08;(2,08 €/KILO)
Judías verdes redondas Vegecampo de Dia bolsa 1 Kg;1,56;(1,56 €/KILO)
Alcachofa troceada Vegecampo de Dia bolsa 400 g;2,65;(6,63 €/KILO)
Arroz de marisco con caldo de pescado Al Punto Dia bolsa 330 g;1,99;(6,03 €/KILO)
Coliflor Vegecampo de Dia bolsa 1 Kg;1,99;(1,99 €/KILO)
Guisantes superfinos Vegecampo de Dia bolsa 300 g;0,99;(3,30 €/KILO)
Ensaladilla  Vegecampo de Dia bolsa 1 Kg;1,29;(1,29 €/KILO)
Verduras en tempura Cocinarte bolsa 400 g;2,69;(6,73 €/KILO)
Quinoa con verduras  Al Punto Dia bolsa 400 g;1,99;(4,98 €/KILO)
Pimientos rellenos de bacalao MSC Al Punto Dia bolsa 240 g;2,45;(10,21 €/KILO)
Habas baby Vegecampo de Dia bolsa 400 g;1,55;(3,88 €/KILO)
Verduras para sofrito Findus bolsa 250 g;2,69;(10,76 €/KILO)
Arroz de coliflor Al Punto Dia bolsa 450 g;1,69;(3,76 €/KILO)
Guisantes finos Findus bolsa 800 g;3,99;(4,99 €/KILO)
Ensaladilla Findus bolsa 800 g;3,99;(4,99 €/KILO)
Judías verdes planas Findus bolsa 800 g;3,99;(4,99 €/KILO)
Verduras para paella Vegecampo de Dia bolsa 450 g;1,21;(2,69 €/KILO)
Corazones de alcachofa baby Alessia bolsa 450 g;4,53;(10,07 €/KILO)
Menestra de la huerta Findus bolsa 650 g;4,99;(7,68 €/KILO)
Espinacas cortadas Findus bolsa 400 g;2,69;(6,73 €/KILO)
Coles de bruselas Findus bolsa 400 g;3,05;(7,63 €/KILO)
Guisantes superfinos Findus bolsa 550 g;3,99;(7,25 €/KILO)
Patatas prefritas Patatas Unidas Dia bolsa 2 Kg;3,21;(1,61 €/KILO)
Patatas prefritas Patatas Unidas Dia bolsa 1 Kg;1,85;(1,85 €/KILO)
Patatas finas prefritas Patatas Unidas Dia bolsa 1 Kg;1,93;(1,93 €/KILO)
Patatas gajo Patatas Unidas Dia bolsa 750 g;1,80;(2,40 €/KILO)
Patatas fritas tradition McCain bolsa 1 Kg;3,99;(3,99 €/KILO)
Patatas bravas prefritas Patatas Unidas Dia bolsa 750 g;1,99;(2,65 €/KILO)
Patatas fritas corte fino Julienne McCain Airfryer bolsa 600 g;3,59;(5,98 €/KILO)
Patatas fritas con piel McCain Chef Gourmet bolsa 500 g;3,49;(6,98 €/KILO)
Patatas fritas golden long McCain bolsa 1 Kg;3,85;(3,85 €/KILO)
Mini empanadillas de atún Al Punto Dia bolsa 400 g;1,57;(3,93 €/KILO)
Croquetas de jamón Al Punto Dia bolsa 400 g;1,59;(3,98 €/KILO)
Gyozas de pollo Vici bolsa 400 g;3,99;(9,98 €/KILO)
Empanadillas de atún MSC La cocinera caja 312 g;4,99;(15,99 €/KILO)
Palitos de mozzarella Al Punto Dia bolsa 300 g;2,59;(8,63 €/KILO)
Croquetas de pollo con leche fresca Al Punto Dia bolsa 400 g;1,69;(4,23 €/KILO)
Croquetas de cocido horneables Al Punto Dia bolsa 350 g;2,29;(6,54 €/KILO)
Croquetas cremosas de jamón ibérico Al Punto Dia bolsa 350 g;2,49;(7,11 €/KILO)
Tequeños de queso Amaizin caja 190 g;2,99;(15,74 €/KILO)
Thai noodles + proteínas Fripozo bolsa 320 g;2,99;(9,34 €/KILO)
Rollitos de primavera Al Punto Dia caja 450 g;2,99;(6,64 €/KILO)
Aritos de queso gouda rebozados Preli bolsa 350 g;3,99;(11,40 €/KILO)
Milanesa de pollo rellena Instafood bolsa 600 g;7,99;(13,32 €/KILO)
Croquetas artesanas de jamón ibérico La cocinera bolsa 400 g;4,99;(9,98 €/KILO)
Croquetas cremosas de boletus edulis Al Punto Dia bolsa 300 g;2,99;(9,97 €/KILO)
(9,97 €/KILO);(9,97/KILO);(9,97 €/KILO)
Churros lazo Al Punto Dia bolsa 500 g;1,40;(2,80 €/KILO)
Porras fritas Al Punto Dia bolsa 250 g;1,98;(7,92 €/KILO)
Frutos rojos Congelados de Navarra bolsa 300 g;1,68;(5,60 €/KILO)
Fresas congeladas La cuerva bolsa 300 g;1,78;(5,93 €/KILO)
Brazo de chocolate Sietem bandeja 500 g;6,99;(13,98 €/KILO)
Tarta bombón infantil niño San Martín bandeja 500 g;6,25;(12,50 €/KILO)
Tarta red velvet San Martín bandeja 625 g;10,59;(16,94 €/KILO)
Tarta de zanahoria San Martín bandeja 770 g;10,59;(13,75 €/KILO)
Tarta bombón San Martín bandeja 1 Kg;10,95;(10,95 €/KILO)
Tarta de queso con frambuesas Philadelphia caja 390 g;7,35;(18,85 €/KILO)
Lasaña boloñesa Al Punto Dia caja 300 g;1,73;(5,77 €/KILO)
Canelón de carne Al Punto Dia bolsa 300 g;1,73;(5,77 €/KILO)
Canelón de atún Al Punto Dia caja 300 g;1,73;(5,77 €/KILO)
Lasaña de verdura Al Punto Dia bolsa 300 g;1,73;(5,77 €/KILO)
Lasaña boloñesa La cocinera caja 500 g;3,99;(7,98 €/KILO)
Linguine con langostinos y salsa teriyaki Nos bandeja 300 g;2,99;(9,97 €/KILO)
Canelones de marisco Al Punto Dia caja 300 g;2,49;(8,30 €/KILO)
Agua mineral natural Dia botella 1.5 l;0,25;(0,17 €/LITRO)
Agua mineral natural Dia garrafa 5 l;0,67;(0,13 €/LITRO)
Agua mineral natural Bezoya botella 6 x 1.5 l;4,44;(0,49 €/LITRO)
Agua mineral natural Aquabona pack 6 x 1.5 l;3,90;(0,37 €/LITRO)
Agua mineral con gas Dia botella 1.5 l;0,43;(0,29 €/LITRO)
Agua mineral natural Dia botella 50 cl;0,24;(0,48 €/LITRO)
Agua mineral natural Aquarel pack 6 x 1.5 l;3,72;(0,41 €/LITRO)
Agua mineral natural Font Vella pack 6 x 1.5 l;4,50;(0,50 €/LITRO)
Agua mineral natural Font Vella garrafa 6.25 l;2,29;(0,37 €/LITRO)
Agua mineral natural Aquarel pack 6 x 33 cl;3,12;(1,58 €/LITRO)
Agua mineral natural Solán de Cabras botella 1.5 l;0,92;(0,61 €/LITRO)
(0,58 €/LITRO);Agua mineral natural Dia botella 33 cl;0,26 €
(0,79 €/LITRO);Agua mineral natural Solán de Cabras botella 6 x 1.5 l;5,52 €
(0,61 €/LITRO);(0,49/LITRO);Agua mineral natural Fuente primavera pack 6 x 1 l
2,94 €;(0,49/LITRO);Agua mineral natural Solán de Cabras garrafa 5 l
2,69 €;(0,54/LITRO);Agua mineral con gas Vichy botella 1 l
1,49 €;(1,49/LITRO);Agua mineral natural Solán de Cabras botella 50 cl
0,77 €;(1,54/LITRO);(0,97 €/LITRO)
Agua mineral natural Fuente primavera botella 1 l;0,49;(0,49 €/LITRO)
Agua mineral natural Font Vella botella 50 cl;0,66;(1,10 €/LITRO)
Agua mineral natural Aquarel pack 2 x 5 l;3,58;(0,36 €/LITRO)
Agua mineral natural Font Vella botella 1 l;0,79;(0,79 €/LITRO)
Agua mineral natural Bezoya botella 1.5 l;0,74;(0,49 €/LITRO)
Agua mineral natural Aquabona botella 1.5 l;0,65;(0,37 €/LITRO)
Agua mineral natural Lanjarón botella 1.5 l;0,73;(0,49 €/LITRO)
Agua mineral natural tapón sport Font Vella botella 33 cl;0,50;(1,52 €/LITRO)
Agua mineral natural Font Vella pack 6 x 2 l;6,54;(0,55 €/LITRO)
Agua mineral con gas San Pellegrino botella 1 l;1,39;(1,39 €/LITRO)
Agua mineral natural Monte pinos botella 1.5 l;0,64;(0,43 €/LITRO)
Agua mineral con gas San Pellegrino pack 6 x 1 l;8,34;(1,39 €/LITRO)
Agua mineral natural Font Vella botella 1.5 l;0,75;(0,50 €/LITRO)
Agua con gas San Pellegrino botella 50 cl;1,05;(2,10 €/LITRO)
Agua mineral con gas Fonter pack 6 x 1 l;6,84;(1,14 €/LITRO)
Agua mineral natural Font Vella botella 2 l;1,09;(0,55 €/LITRO)
Agua mineral natural Cabreiroá pack 6 x 1.5 l;4,32;(0,48 €/LITRO)
Agua mineral natural Cabreiroá botella 1.5 l;0,72;(0,48 €/LITRO)
Agua mineral natural Aquarel botella 50 cl;0,59;(1,18 €/LITRO)
Agua mineral con gas Fonter botella 1 l;1,14;(1,14 €/LITRO)
Refresco de cola sabor original Coca-Cola botella 2 x 2 l;4,00;(0,93 €/LITRO)
Refresco de cola zero Hola Cola de Dia botella 4 x 2 l;3,00;(0,38 €/LITRO)
Refresco de cola zero azúcar Coca-Cola botella 2 x 2 l;4,00;(0,93 €/LITRO)
Refresco de cola zero Hola Cola de Dia lata 12 x 33 cl;3,96;(1,00 €/LITRO)
Refresco de cola sabor original Coca-Cola lata 12 x 33 cl;10,80;(2,73 €/LITRO)
Refresco de cola zero azúcar Coca-Cola lata 12 x 33 cl;10,80;(2,73 €/LITRO)
Refresco de cola sabor original Coca-Cola lata 33 cl;0,92;(2,79 €/LITRO)
Refresco de cola Hola Cola de Dia botella 4 x 2 l;3,00;(0,38 €/LITRO)
Refresco de cola zero azúcar Coca-Cola lata 33 cl;0,92;(2,79 €/LITRO)
Refresco de cola Hola Cola de Dia lata 12 x 33 cl;3,96;(1,00 €/LITRO)
Refresco de cola zero sin cafeína Hola Cola de Dia lata 6 x 33 cl;1,98;(1,00 €/LITRO)
Refresco de cola zero azúcar zero cafeína Coca-Cola botella 2 x 2 l;4,00;(0,93 €/LITRO)
Refresco de cola zero azúcar zero cafeína Coca-Cola lata 33 cl;0,92;(2,79 €/LITRO)
Refresco de cola zero sin cafeína Hola Cola de Dia botella 4 x 2 l;3,00;(0,38 €/LITRO)
Refresco de cola zero Hola Cola de Dia botella 2 l;0,75;(0,38 €/LITRO)
Refresco de cola sabor original Coca-Cola botella 1.25 l;1,49;(1,19 €/LITRO)
Refresco de cola zero azúcar Coca-Cola botella 2 x 1.25 l;2,90;(1,16 €/LITRO)
Refresco de cola Hola Cola de Dia botella 2 l;0,75;(0,38 €/LITRO)
Refresco de cola zero azúcar zero cafeína Coca-Cola lata 12 x 33 cl;10,80;(2,73 €/LITRO)
Refresco de cola zero Hola Cola de Dia lata 33 cl;0,33;(1,00 €/LITRO)
Refresco de cola Hola Cola de Dia lata 33 cl;0,33;(1,00 €/LITRO)
Refresco de cola zero azúcar zero cafeína Coca-Cola botella 1.25 l;1,49;(1,19 €/LITRO)
Refresco de cola sabor original Coca-Cola botella 2 l;2,10;(1,05 €/LITRO)
Refresco de cola sabor original Coca-Cola lata 6 x 20 cl;3,99;(3,33 €/LITRO)
Refresco de cola zero sin cafeína Hola Cola de Dia botella 2 l;0,75;(0,38 €/LITRO)
Refresco de cola zero sin cafeína Hola Cola de Dia lata 33 cl;0,33;(1,00 €/LITRO)
Refresco de cola sin cafeína Coca-Cola botella 2 l;2,10;(1,05 €/LITRO)
Refresco de cola zero azúcar Pepsi pack 6 x 1.75 l;10,14;(0,86 €/LITRO)
Refresco de cola zero azúcar Coca-Cola botella 1.25 l;1,49;(1,19 €/LITRO)
Refresco de cola zero azúcar Pepsi botella 2 x 1.75 l;3,30;(0,94 €/LITRO)
Refresco de cola light Coca-Cola lata 33 cl;0,92;(2,79 €/LITRO)
Refresco de cola zero azúcar Coca-Cola lata 6 x 20 cl;3,99;(3,33 €/LITRO)
Refresco de cola clásica Pepsi botella 1.75 l;1,69;(0,86 €/LITRO)
Refresco de cola clásica Pepsi botella 2 x 1.75 l;3,30;(0,94 €/LITRO)
Refresco de cola clásica Pepsi lata 33 cl;0,79;(2,39 €/LITRO)
Refresco de cola zero azúcar Coca-Cola botella 50 cl;1,49;(2,98 €/LITRO)
Refresco de cola zero azúcar Pepsi botella 1.75 l;1,69;(0,86 €/LITRO)
Refresco de cola sin cafeína Coca-Cola lata 33 cl;0,92;(2,27 €/LITRO)
Refresco de cola zero azúcar Coca-Cola botella 2 l;2,10;(1,05 €/LITRO)
Refresco de cola clásica Pepsi pack 6 x 1.75 l;10,14;(0,86 €/LITRO)
Refresco de naranja Fanta lata 9 x 33 cl;6,93;(2,06 €/LITRO)
Refresco de naranja Fanta botella 2 x 2 l;3,60;(0,90 €/LITRO)
Refresco de naranja Upss Dia botella 1.5 l;0,79;(0,53 €/LITRO)
Refresco de naranja zero azúcares Fanta botella 2 l;1,85;(0,83 €/LITRO)
Refresco de naranja zero azúcares Fanta lata 33 cl;0,80;(2,42 €/LITRO)
Refresco de naranja 8% zumo con gas zero Upss Dia botella 1.5 l;0,77;(0,51 €/LITRO)
Refresco de naranja zero Upss Dia lata 33 cl;0,37;(1,12 €/LITRO)
Refresco de naranja Upss Dia lata 33 cl;0,37;(1,12 €/LITRO)
Refresco de naranja sin gas Upss Dia botella 1.5 l;1,05;(0,70 €/LITRO)
Bebida de zumo de naranja Simon Life botella 1.5 l;1,85;(1,23 €/LITRO)
Refresco de naranja Fanta lata 33 cl;0,80;(2,27 €/LITRO)
Refresco de naranja Fanta botella 2 l;1,85;(0,93 €/LITRO)
Zumo naranja exprimido sin pulpa Zumosfera de Dia botella 1 l;2,00;(2,00 €/LITRO)
Refresco en polvo sabor naranja Tang bolsa 30 g;0,83;(27,67 €/KILO)
Refresco de naranja sin gas Upss Dia lata 33 cl;0,49;(1,48 €/LITRO)
Refresco de naranja zero azúcares Kas botella 2 l;1,79;(0,90 €/LITRO)
Zumo de naranja con pulpa Don Simón botella 1 l;3,25;(3,25 €/LITRO)
Refresco de naranja Fanta botella 50 cl;1,49;(2,98 €/LITRO)
Refresco de naranja zero azúcares Kas lata 33 cl;0,70;(2,12 €/LITRO)
Refresco naranja zero Schweppes lata 33 cl;0,97;(2,94 €/LITRO)
Refresco de limón Fanta botella 2 l;1,85;(0,93 €/LITRO)
Refresco de limón zero azúcares Fanta botella 2 l;1,85;(0,83 €/LITRO)
Refresco de limón 6% zumo con gas Upss Dia botella 1.5 l;0,79;(0,53 €/LITRO)
Refresco de limón 6% zumo con gas zero Upss Dia botella 1.5 l;0,77;(0,51 €/LITRO)
Refresco de lima limón zero Upss Dia botella 1.5 l;0,75;(0,50 €/LITRO)
Refresco de limón zero Upss Dia lata 33 cl;0,37;(1,12 €/LITRO)
Refresco de lima-limón Sprite botella 2 l;1,65;(0,83 €/LITRO)
Refresco de limón zero azúcares Fanta lata 33 cl;0,80;(2,42 €/LITRO)
Refresco de limón sin gas Upss Dia botella 1.5 l;1,05;(0,70 €/LITRO)
Refresco de limón Fanta lata 33 cl;0,80;(2,27 €/LITRO)
Refresco de lima-limón Sprite pack 24 x 33 cl;15,60;(1,67 €/LITRO)
Refresco de lima-limón Sprite lata 33 cl;0,65;(1,67 €/LITRO)
Refresco de limón zero Schweppes lata 33 cl;0,97;(2,94 €/LITRO)
Refresco de limón Schweppes lata 33 cl;0,97;(2,94 €/LITRO)
Refresco en polvo sabor limón Tang bolsa 30 g;0,83;(27,67 €/KILO)
Refresco de lima-limón zero azúcares Seven up lata 33 cl;0,59;(1,79 €/LITRO)
Limonada natural con gas Don Simón lata 33 cl;0,75;(2,27 €/LITRO)
Refresco de té al limón zero Upss Dia botella 1.5 l;0,99;(0,66 €/LITRO)
Refresco de té al limón Upss Dia botella 1.5 l;0,99;(0,66 €/LITRO)
Refresco de té al melocotón zero Upss Dia Dia botella 1.5 l;0,99;(0,66 €/LITRO)
Refresco de té sabor hierbabuena y limón zero Upss Dia botella 1.5 l;0,99;(0,66 €/LITRO)
Refresco de té limón sabor original Fuze tea botella 1.5 l;1,99;(1,33 €/LITRO)
Refresco de té limón sabor original Fuze tea lata 33 cl;0,99;(3,00 €/LITRO)
Refresco de té al limón Upss Dia lata 33 cl;0,50;(1,52 €/LITRO)
Café latte macchiato Cafetería de Dia botella 230 ml;0,95;(4,13 €/LITRO)
Refresco de té limón sabor original sin azúcar Fuze tea botella 1.5 l;1,99;(1,33 €/LITRO)
Café cappuccino Cafetería de Dia botella 230 ml;0,95;(4,13 €/LITRO)
Refresco de té al limón zero Upss Dia botella 50 cl;0,59;(1,18 €/LITRO)
Café espresso Cafetería de Dia botella 230 ml;0,95;(4,13 €/LITRO)
Refresco de té verde Upss Dia lata 33 cl;0,50;(1,52 €/LITRO)
Café cappuccino Kaiku vaso 230 ml;1,79;(7,78 €/LITRO)
Refresco de té verde con aloe vera San Benedetto botella 1.5 l;1,15;(0,77 €/LITRO)
Refresco de té de melocotón zero San Benedetto botella 50 cl;0,75;(1,36 €/LITRO)
Café espresso Kaiku vaso 230 ml;1,79;(7,78 €/LITRO)
Café caramel macchiato Starbucks vaso 220 ml;1,99;(9,05 €/LITRO)
Café vainilla Kaiku vaso 230 ml;1,79;(7,78 €/LITRO)
Café light Kaiku vaso 230 ml;1,79;(7,78 €/LITRO)
Café cappuccino Kaiku vaso 370 ml;2,49;(6,73 €/LITRO)
Refresco de té verde con aloe vera zero San Benedetto botella 50 cl;0,75;(1,50 €/LITRO)
Batido de chocolate enriquecido con proteínas Valio botella 260 g;2,25;(8,65 €/KILO)
Refresco de té verde con granada Arizona botella 50 cl;1,39;(2,78 €/LITRO)
Tónica zero Toni Tónico de Dia lata 25 cl;0,35;(1,40 €/LITRO)
Tónica Schweppes lata 33 cl;0,99;(3,00 €/LITRO)
Tónica zero Schweppes lata 33 cl;0,99;(3,00 €/LITRO)
Tónica Toni Tónico de Dia lata 25 cl;0,35;(1,40 €/LITRO)
Tónica Toni Tónico de Dia botella 1.5 l;0,95;(0,63 €/LITRO)
Tónica premium bohemian aromatic berry sensation Royal Bliss lata 25 cl;0,75;(3,00 €/LITRO)
Tónica Nordic Mist lata 25 cl;0,65;(2,60 €/LITRO)
Tónica Schweppes botella 1 l;1,99;(1,99 €/LITRO)
Tónica zero Schweppes botella 1 l;1,99;(1,99 €/LITRO)
Tónica premium yuzu signature tonic water Royal Bliss lata 25 cl;0,75;(3,00 €/LITRO)
Tónica rosa zero Schweppes lata 33 cl;0,99;(3,00 €/LITRO)
Tónica berries Toni Tónico de Dia botella 20 cl;0,79;(3,95 €/LITRO)
(8,75 €/LITRO);Tónica citrus Toni Tónico de Dia botella 20 cl;0,79 €
(3,95 €/LITRO);(3,00/LITRO);Refresco tónica Organics lata 1 l
Gaseosa cero Gaseosa Dia botella 1.5 l;0,50;(0,33 €/LITRO)
Gaseosa cero Gaseosa Dia botella 50 cl;0,32;(0,64 €/LITRO)
Gaseosa La Casera botella 1.5 l;1,25;(0,83 €/LITRO)
Gaseosa La Casera botella 50 cl;0,85;(1,70 €/LITRO)
Gaseosa Geiser botella 1.5 l;1,75;(1,17 €/LITRO)
Gaseosa en polvo edulcorado El tigre sobre 39 g;1,00;(25,64 €/KILO)
Bebida energética zero El diablo de Dia lata 250 ml;0,40;(1,60 €/LITRO)
Bebida energética Red bull lata 250 ml;1,59;(6,36 €/LITRO)
Bebida energética original Burn lata 500 ml;1,29;(2,00 €/LITRO)
Bebida energética de guaraná El diablo de Dia lata 500 ml;0,99;(1,98 €/LITRO)
Bebida energética de mojito El diablo de Dia lata 250 ml;0,59;(2,36 €/LITRO)
Bebida energética sabor mango El diablo de Dia lata 500 ml;0,99;(1,98 €/LITRO)
Bebida energética ultra rosá Monster Energy lata 500 ml;1,79;(3,58 €/LITRO)
Bebida energética sabor piña y coco El diablo de Dia lata 500 ml;0,99;(1,98 €/LITRO)
Bebida energética ultra watermelon Monster Energy lata 500 ml;1,79;(3,58 €/LITRO)
Bebida energética mango loco Monster Energy lata 500 ml;1,79;(3,58 €/LITRO)
Bebida energética sabor albaricoque sin azúcar Red bull lata 250 ml;1,59;(6,36 €/LITRO)
Bebida energética green Monster Energy lata 500 ml;1,79;(3,58 €/LITRO)
Bebida energética ultra white Monster Energy lata 500 ml;1,79;(3,58 €/LITRO)
Bebida energética Red bull lata 473 ml;2,69;(5,69 €/LITRO)
Bebida energética Ultra Paradise Monster Energy lata 500 ml;1,79;(3,58 €/LITRO)
Bebida energética sabor killer mandarin Rockstar lata 500 ml;1,50;(3,00 €/LITRO)
Bebida energética sabor guayaba Rockstar lata 500 ml;1,50;(3,00 €/LITRO)
Bebida energética zero Red bull lata 250 ml;1,59;(6,36 €/LITRO)
Bebida energética zero azúcar Lewis Hamilton Monster Energy lata 500 ml;1,79;(3,58 €/LITRO)
Bebida energética sin azúcar Red bull lata 250 ml;1,59;(6,36 €/LITRO)
Bebida energética ultra fiesta mango Monster Energy lata 500 ml;1,79;(3,58 €/LITRO)
Bebida energética absolutely zero Monster Energy lata 500 ml;1,79;(3,58 €/LITRO)
Bebida energética monarch Monster Energy lata 500 ml;1,79;(3,58 €/LITRO)
Bebida energética green zero Monster Energy lata 500 ml;1,79;(3,58 €/LITRO)
Bebida energética sabor coco y arándanos Red bull lata 250 ml;1,59;(6,36 €/LITRO)
Bebida energética fruta del dragón Red bull lata 250 ml;1,59;(6,36 €/LITRO)
Bebida energética Red bull lata 4 x 250 ml;5,69;(5,69 €/LITRO)
Bebida energética sabor baya de junio Red bull lata 250 ml;1,59;(6,36 €/LITRO)
Bebida energética sabor albaricoque Red bull lata 250 ml;1,59;(6,36 €/LITRO)
Bebida energética sabor sandía Red bull lata 250 ml;1,59;(6,36 €/LITRO)
Bebida energética sin azúcar Red bull lata 4 x 250 ml;5,69;(5,69 €/LITRO)
Bebida energética sin azúcar Red bull lata 355 ml;2,09;(5,89 €/LITRO)
Bebida energética Red bull lata 355 ml;2,09;(5,89 €/LITRO)
Bebida refrescante de limón Aquarius botella 2 x 1.5 l;3,89;(1,30 €/LITRO)
Bebida refrescante de limón zero azúcar Aquarius botella 1.5 l;1,99;(1,33 €/LITRO)
Bebida refrescante aromatizada cítrico Get move de Dia botella 1.5 l;0,99;(0,66 €/LITRO)
Bebida refrescante aromatizada cítrico zero Get move de Dia botella 1.5 l;0,99;(0,66 €/LITRO)
Bebida refrescante aromatizada naranja Get move de Dia botella 1.5 l;0,99;(0,66 €/LITRO)
Bebida refrescante de limón Aquarius lata 9 x 330 ml;7,99;(2,69 €/LITRO)
Bebida refrescante de limón zero azúcar Aquarius lata 330 ml;0,95;(2,58 €/LITRO)
Bebida refrescante de limón Aquarius botella 1.5 l;1,99;(1,33 €/LITRO)
Bebida refrescante de naranja Aquarius botella 1.5 l;1,99;(1,33 €/LITRO)
Bebida refrescante de naranja zero azúcar Aquarius botella 1.5 l;1,99;(1,33 €/LITRO)
Bebida refrescante aromatizada azul Get move de Dia botella 500 ml;0,69;(1,38 €/LITRO)
Bebida refrescante de melocotón rojo Aquarius lata 330 ml;0,95;(2,58 €/LITRO)
Bebida refrescante de naranja zero azúcar Aquarius lata 330 ml;0,95;(2,58 €/LITRO)
Bebida refrescante de naranja Aquarius lata 330 ml;0,95;(2,88 €/LITRO)
Bebida refrescante de limón Aquarius lata 330 ml;0,95;(2,88 €/LITRO)
Bebida refrescante aromatizada cítrico Get move de Dia lata 330 ml;0,45;(1,36 €/LITRO)
Bebida refrescante de naranja Aquarius lata 9 x 330 ml;7,99;(2,69 €/LITRO)
Bebida refrescante de limón Aquarius botella 500 ml;1,49;(2,98 €/LITRO)
Bebida refrescante aromatizada rosa Get move de Dia botella 500 ml;0,69;(1,38 €/LITRO)
Bebida refrescante aromatizada ice storm Powerade botella 500 ml;1,49;(2,98 €/LITRO)
Bebida de zumo de frutas con leche tropical Zumosfera de Dia brik 6 x 200 ml;1,25;(1,04 €/LITRO)
Bebida de zumo tropical sin azúcares añadidos Zumosfera de Dia brik 1 l;0,90;(0,90 €/LITRO)
Zumo de piña, manzana y uva 100% Zumosfera de Dia brik 6 x 200 ml;1,40;(1,17 €/LITRO)
Bebida de zumo de piña sin azúcares añadidos Zumosfera de Dia brik 1 l;1,00;(1,00 €/LITRO)
Bebida de zumo de manzana sin azúcares añadidos Zumosfera de Dia brik 1 l;0,89;(0,89 €/LITRO)
Zumo de naranja 100% sin pulpa Zumosfera de Dia brik 1 l;1,75;(1,75 €/LITRO)
Bebida de zumo con leche tropical Pascual Bifrutas brik 6 x 20 cl;2,52;(2,10 €/LITRO)
Zumo de naranja 100% con pulpa Zumosfera de Dia brik 1 l;1,85;(1,85 €/LITRO)
Zumo de melocotón y uva Zumosfera de Dia brik 6 x 200 ml;1,50;(1,25 €/LITRO)
Bebida de zumo de frutas con leche mediterráneo Zumosfera de Dia brik 6 x 200 ml;1,25;(1,04 €/LITRO)
Zumo de melocotón y uva Zumosfera de Dia brik 1 l;1,00;(1,00 €/LITRO)
Bebida de zumo de melocotón sin azúcares añadidos Zumosfera de Dia brik 1 l;0,99;(0,99 €/LITRO)
Zumo de manzana 100% Zumosfera de Dia brik 6 x 200 ml;1,30;(1,08 €/LITRO)
Bebida de zumo de naranja sin azúcares añadidos Zumosfera de Dia brik 1 l;1,05;(1,05 €/LITRO)
Zumo de tomate 100% Zumosfera de Dia brik 1 l;1,05;(1,05 €/LITRO)
(0,80 €/LITRO);Limonada Don Simón botella 1.5 l;1,13 €
(0,75 €/LITRO);Bebida de zumo de frutas y leche tropical Don Simón brik 3+1 x 330 ml;1,49 €
(1,13 €/LITRO);Bebida de zumo de mango sin azúcares añadidos Zumosfera de Dia brik 1 l;1,25 €
(1,25 €/LITRO);Zumo piña, manzana y uva Zumosfera de Dia brik 1 l;1,00 €
(1,00 €/LITRO);Bebida de zumo de frutas con leche caribe Zumosfera de Dia brik 6 x 200 ml;1,25 €
(1,04 €/LITRO);Bebida de zumo de naranja Simon Life botella 1.5 l;1,85 €
(1,23 €/LITRO);Zumo naranja exprimido sin pulpa Zumosfera de Dia botella 1 l;2,00 €
(2,00 €/LITRO);Bebida de zumo de frutas con leche tropical Zumosfera de Dia brik 1 l;0,95 €
(0,95 €/LITRO);Bebida de zumo de melocotón light Zumosfera de Dia pack 6 x 200 ml;1,45 €
(1,21 €/LITRO);Bebida de zumo de frutas con leche mediterráneo Zumosfera de Dia brik 1 l;0,95 €
(0,95 €/LITRO);Bebida de zumo de frutas y leche caribe Zumosfera de Dia brik 1 l;0,95 €
(0,95 €/LITRO);Zumo de piña y uva 100% Zumosfera de Dia brik 3 x 200 ml;1,39 €
(2,32 €/LITRO);Zumo de naranja 100% sin pulpa Zumosfera de Dia brik 3 x 200 ml;1,59 €
(2,65 €/LITRO);Néctar de melocotón Zumosfera de Dia botella 1 l;1,45 €
(1,45 €/LITRO);Zumo de piña 100% Zumosfera de Dia brik 1 l;1,40 €
(1,40 €/LITRO);Bebida de zumo de fruta con leche melón y sandía Zumosfera de Dia brik 3 x 330 ml;1,39 €
(1,40 €/LITRO);Bebida de zumo de frutas con leche tropical Zumosfera de Dia brik 3 x 330 ml;1,09 €
(1,10 €/LITRO);Zumo exprimido de uva Merlot y uva roja 100% Zumosfera de Dia brik 1 l;1,99 €
(1,99 €/LITRO);Bebida de zumo light de 10 frutas con 10 vitaminas Juver Disfruta brik 1.5 l;2,49 €
(1,25 €/LITRO);Zumo mente mezcla de frutas con extractos y vitaminas Zumosfera de Dia brik 1 l;1,99 €
(1,99 €/LITRO);Bebida de zumo de naranja, zanahoria y uva Granini botella 1 l;2,79 €
(2,79 €/LITRO);Bebida de zumo de frutas con leche tropical zero Don Simón brik 6 x 200 ml;1,50 €
(1,25 €/LITRO);(1,45/LITRO);Néctar de piña Zumosfera de Dia botella 1 l
Refresco sin gas de naranja y zanahoria Upss Dia botella 1.5 l;1,09;(0,73 €/LITRO)
Bitter Bobby Bitter de Dia lata 25 cl;0,55;(2,20 €/LITRO)
Refresco sin gas de manzana Upss Dia botella 1.5 l;1,05;(0,70 €/LITRO)
Refresco en polvo sabor tropical Tang bolsa 30 g;0,83;(27,67 €/KILO)
Bitter Kas lata 33 cl;0,99;(3,00 €/LITRO)
Bebida de kombucha con limón y jengibre Upss Dia botella 250 ml;1,79;(7,16 €/LITRO)
Refresco de naranja sin gas Upss Dia botella 1.5 l;1,05;(0,70 €/LITRO)
Refresco en polvo sabor limón Tang bolsa 30 g;0,83;(27,67 €/KILO)
Refresco de sandía zero azúcares Fanta lata 33 cl;0,80;(2,42 €/LITRO)
Refresco en polvo sabor naranja Tang bolsa 30 g;0,83;(27,67 €/KILO)
Bebida de kombucha con frutos rojos Upss Dia botella 250 ml;1,79;(7,16 €/LITRO)
Refresco de limón sin gas Upss Dia botella 1.5 l;1,05;(0,70 €/LITRO)
Refresco de naranja sin gas Upss Dia lata 33 cl;0,49;(1,48 €/LITRO)
Ginger ale Schweppes lata 33 cl;0,99;(3,00 €/LITRO)
Pajitas comestibles sabor lima Sorbos caja 170 g;2,75;(16,18 €/KILO)
Refresco tropical sin gas Enjoy botella 1.5 l;1,19;(0,79 €/LITRO)
Agua mineral con frutos rojos zero San Benedetto botella 40 cl;0,99;(2,48 €/LITRO)
Bebida de kombucha con jengibre y limón Komvida botella 250 ml;2,59;(10,36 €/LITRO)
Refresco de fresa sin gas Sonic Upss Dia botella 50 cl;0,69;(1,38 €/LITRO)
Refresco de limón zero Schweppes lata 33 cl;0,97;(2,94 €/LITRO)
Pajitas comestibles sabor fresa Sorbos caja 170 g;2,75;(16,18 €/KILO)
Refresco de zumo de fruta mix zero sin gas San Benedetto botella 40 cl;0,99;(2,48 €/LITRO)
Bebida multifrutas Surprise drinks botella 300 ml;1,49;(4,97 €/LITRO)
Agua de coco Vita coco brik 330 ml;1,89;(5,73 €/LITRO)
Bebida de kombucha con frutos rojos Komvida botella 250 ml;2,59;(10,36 €/LITRO)
Bebida de kombucha fibra Komvida botella 250 ml;2,59;(10,36 €/LITRO)
Cerveza lager Ramblers de Dia lata 24 x 33 cl;7,44;(0,94 €/LITRO)
Cerveza Mahou 5 Estrellas lata 12 x 33 cl;9,96;(2,52 €/LITRO)
Cerveza lager Ramblers de Dia lata 33 cl;0,31;(0,94 €/LITRO)
Cerveza especial Ramblers de Dia pack 12 x 33 cl;4,08;(1,03 €/LITRO)
Cerveza especial Estrella Galicia lata 33 cl;0,87;(2,64 €/LITRO)
Cerveza lager Ramblers de Dia botella vidrio 1 l;1,00;(1,00 €/LITRO)
Cerveza clásica Mahou lata 24 x 33 cl;17,55;(2,22 €/LITRO)
Cerveza clásica Amstel lata 33 cl;0,46;(1,39 €/LITRO)
Cerveza lager Ramblers de Dia lata 12 x 33 cl;3,72;(0,94 €/LITRO)
Cerveza especial Alhambra botella 6 x 25 cl;3,99;(2,66 €/LITRO)
Cerveza Mahou 5 Estrellas botella 12 x 25 cl;7,89;(2,63 €/LITRO)
Cerveza lager Ramblers de Dia botella 6 x 25 cl;1,98;(1,32 €/LITRO)
Cerveza lager sin filtrar El aguila botella 33 cl;0,99;(2,70 €/LITRO)
Cerveza tostada Ramblers de Dia pack 6 x 33 cl;3,00;(1,52 €/LITRO)
Cerveza Heineken lata 12 x 33 cl;9,79;(1,97 €/LITRO)
Cerveza clásica Mahou botella 6 x 25 cl;3,49;(2,33 €/LITRO)
Cerveza Estrella damm lata 12 x 33 cl;10,20;(2,58 €/LITRO)
Cerveza clásica Mahou lata 33 cl;0,77;(2,33 €/LITRO)
Cerveza clásica Mahou lata 12 x 33 cl;9,00;(2,27 €/LITRO)
Cerveza San Miguel lata 12 x 33 cl;8,64;(2,18 €/LITRO)
Cerveza clásica Mahou botella 1 l;1,82;(1,82 €/LITRO)
Cerveza lager Ramblers de Dia lata 50 cl;0,49;(0,98 €/LITRO)
Cerveza especial Ambar lata 9 x 33 cl;7,69;(2,59 €/LITRO)
Cerveza sin gluten Mahou lata 33 cl;0,85;(2,58 €/LITRO)
Cerveza clásica Mahou botella 12 x 25 cl;6,99;(2,33 €/LITRO)
Cerveza San Miguel botella 6 x 25 cl;3,55;(2,37 €/LITRO)
Cerveza Heineken lata 33 cl;0,85;(2,58 €/LITRO)
Cerveza muy suave Ramblers de Dia botella 33 cl;0,69;(2,09 €/LITRO)
Cerveza lager Ramblers de Dia pack 6 x 1 l;5,40;(0,90 €/LITRO)
Cerveza de trigo weissbier Ramblers de Dia lata 50 cl;0,75;(1,50 €/LITRO)
Cerveza San Miguel botella 12 x 25 cl;6,39;(2,13 €/LITRO)
Cerveza especial Cruzcampo botella 6 x 200 ml;3,49;(2,91 €/LITRO)
Cerveza especial negra Ramblers de Dia pack 6 x 33 cl;3,18;(1,61 €/LITRO)
Cerveza especial negra Ramblers de Dia lata 33 cl;0,53;(1,61 €/LITRO)
Cerveza especial Ambar lata 50 cl;1,29;(2,58 €/LITRO)
Cerveza Estrella damm lata 33 cl;0,89;(2,70 €/LITRO)
Cerveza pura malta 1516 Ramblers de Dia lata 50 cl;0,65;(1,30 €/LITRO)
Cerveza doble malta Ramblers de Dia lata 6 x 33 cl;3,18;(1,61 €/LITRO)
Cerveza doble malta Ramblers de Dia lata 33 cl;0,53;(1,61 €/LITRO)
Cerveza tradicional Alhambra lata 33 cl;0,75;(2,27 €/LITRO)
Cerveza rubia original Desperados botella 33 cl;1,59;(3,79 €/LITRO)
Cerveza muy suave Ramblers de Dia botella 33 cl;0,69;(2,09 €/LITRO)
Cerveza de trigo alemana Paulaner botella 50 cl;1,99;(3,98 €/LITRO)
Cerveza doble malta Ramblers de Dia lata 33 cl;0,53;(1,61 €/LITRO)
Cerveza tostada Ramblers de Dia lata 33 cl;0,50;(1,52 €/LITRO)
Cerveza de trigo weissbier Ramblers de Dia lata 50 cl;0,75;(1,50 €/LITRO)
Cerveza tostada Ramblers de Dia pack 6 x 33 cl;3,00;(1,52 €/LITRO)
Cerveza 0,0 alcohol Corona botella 33 cl;1,50;(4,55 €/LITRO)
Cerveza rosé Mahou lata 33 cl;0,95;(2,88 €/LITRO)
Cerveza doble malta Voll Damm lata 33 cl;0,99;(3,00 €/LITRO)
Cerveza extra San Miguel Selecta lata 33 cl;0,99;(3,00 €/LITRO)
Cerveza especial sin gluten Ambar botella 33 cl;1,29;(3,91 €/LITRO)
Cerveza Budweiser botella 6 x 25 cl;4,69;(3,13 €/LITRO)
Cerveza ipa Mahou lata 33 cl;1,12;(3,39 €/LITRO)
Cerveza reserva 1925 Alhambra botella 4 x 33 cl;5,89;(4,46 €/LITRO)
Cerveza reserva especial 1906 botella 6 x 33 cl;7,19;(3,63 €/LITRO)
Cerveza especial blue Salitos botella 33 cl;1,75;(5,30 €/LITRO)
Cerveza mexicana Corona botella 35.5 cl;1,50;(4,23 €/LITRO)
Cerveza bourbon Mahou Barrica botella 33 cl;2,49;(7,55 €/LITRO)
Cerveza especial negra Ramblers de Dia pack 6 x 33 cl;3,18;(1,61 €/LITRO)
Cerveza roja reserva Alhambra botella 4 x 33 cl;5,99;(4,54 €/LITRO)
Cerveza reserva 1925 Alhambra botella 6 x 225 ml;5,99;(4,44 €/LITRO)
Cerveza especial negra Ramblers de Dia lata 33 cl;0,53;(1,61 €/LITRO)
Cerveza artesana Ramblers de Dia botella 33 cl;0,69;(2,09 €/LITRO)
Cerveza Franziskaner botella 50 cl;1,85;(3,70 €/LITRO)
Cerveza tostada doble lúpulo Mahou Maestra botella 33 cl;1,39;(4,21 €/LITRO)
Cerveza doble malta Ramblers de Dia lata 6 x 33 cl;3,18;(1,61 €/LITRO)
Cerveza brune Leffe botella 33 cl;2,19;(6,64 €/LITRO)
Cerveza rubia genuine draft Miller botella 33 cl;1,29;(3,91 €/LITRO)
Cerveza tostada doble lúpulo Mahou Maestra lata 33 cl;1,00;(3,03 €/LITRO)
Cerveza sin filtrar Ramblers de Dia lata 33 cl;0,43;(1,30 €/LITRO)
Cerveza pura malta 1516 Ramblers de Dia lata 50 cl;0,65;(1,30 €/LITRO)
Cerveza especial 18/70 La rubia botella 33 cl;1,29;(3,91 €/LITRO)
Cerveza rubia Pilsner Urquell lata 33 cl;1,39;(4,21 €/LITRO)
Cerveza artesana premiada Ramblers de Dia botella 75 cl;2,79;(2,20 €/LITRO)
(2,70 €/LITRO);Cerveza especial blue Salitos pack 6 x 33 cl;10,50 €
(5,30 €/LITRO);Cerveza especial extreme 8.6 lata 50 cl;1,45 €
(2,90 €/LITRO);Cerveza ipa Ambar lata 33 cl;1,29 €
(3,91 €/LITRO);Cerveza Budweiser lata 33 cl;0,95 €
Cerveza radler con zumo de limón Ramblers de Dia lata 33 cl;0,40;(1,21 €/LITRO)
Cerveza sabor limón shandy sin alcohol Ramblers de Dia lata 33 cl;0,33;(1,00 €/LITRO)
Cerveza radler con limón Amstel lata 12 x 33 cl;9,09;(2,30 €/LITRO)
Cerveza radler con limón 0,0% alcohol San Miguel lata 33 cl;0,75;(2,27 €/LITRO)
Cerveza con limón Shandy botella 6 x 25 cl;3,19;(2,13 €/LITRO)
Cerveza radler con zumo de limón Ramblers de Dia pack 12 x 33 cl;4,80;(1,21 €/LITRO)
Cerveza radler con limón Amstel lata 33 cl;0,79;(2,09 €/LITRO)
Cerveza sabor limón shandy sin alcohol Ramblers de Dia pack 12 x 33 cl;3,96;(1,00 €/LITRO)
Cerveza con limón Shandy lata 33 cl;0,85;(2,58 €/LITRO)
Cerveza radler con limón 0,0% alcohol Amstel lata 12 x 33 cl;9,09;(2,30 €/LITRO)
Cerveza con limón Mahou Mixta pack 8 x 33 cl;6,80;(2,58 €/LITRO)
Cerveza radler con limón San Miguel lata 33 cl;0,75;(2,27 €/LITRO)
Cerveza radler con limón 0,0% alcohol Amstel lata 33 cl;0,79;(2,39 €/LITRO)
Cerveza con limón Mahou Mixta botella 6 x 25 cl;3,90;(2,60 €/LITRO)
Cerveza con limón Mahou Mixta lata 33 cl;0,85;(2,58 €/LITRO)
Cerveza radler con limón Mahou 5 Estrellas lata 33 cl;0,84;(2,55 €/LITRO)
Cerveza tostada 0,0% alcohol Ramblers de Dia pack 12 x 33 cl;5,52;(1,39 €/LITRO)
Cerveza 0,0% alcohol Ramblers de Dia pack 12 x 33 cl;4,20;(1,06 €/LITRO)
Cerveza 0,0% alcohol Ramblers de Dia lata 33 cl;0,35;(1,06 €/LITRO)
Cerveza tostada 0,0% alcohol Mahou lata 33 cl;0,85;(2,58 €/LITRO)
Cerveza triple zero tostada 0.0% alcohol Ambar lata 33 cl;0,79;(2,39 €/LITRO)
Cerveza sin alcohol Mahou botella 6 x 25 cl;3,35;(2,23 €/LITRO)
Cerveza tostada 0,0% alcohol Mahou lata 12 x 33 cl;9,69;(2,45 €/LITRO)
Cerveza sin filtrar 0,0 El aguila lata 33 cl;0,85;(1,97 €/LITRO)
Cerveza tostada 0,0% alcohol Ramblers de Dia lata 33 cl;0,46;(1,39 €/LITRO)
Cerveza sabor limón shandy sin alcohol Ramblers de Dia lata 33 cl;0,33;(1,00 €/LITRO)
Cerveza sin alcohol Mahou lata 33 cl;0,73;(2,21 €/LITRO)
Cerveza tostada 0,0% alcohol San Miguel lata 33 cl;0,73;(2,21 €/LITRO)
Cerveza tostada 0,0% alcohol Mahou botella 6 x 25 cl;4,29;(2,86 €/LITRO)
Cerveza sabor limón shandy sin alcohol Ramblers de Dia pack 12 x 33 cl;3,96;(1,00 €/LITRO)
Cerveza tostada 0,0% alcohol Ramblers de Dia pack 6 x 25 cl;2,99;(1,99 €/LITRO)
Cerveza radler con limón 0,0% alcohol San Miguel lata 33 cl;0,75;(2,27 €/LITRO)
Cerveza 0,0% alcohol Heineken lata 33 cl;0,85;(2,58 €/LITRO)
Cerveza 0,0% alcohol San Miguel lata 33 cl;0,69;(2,09 €/LITRO)
Cerveza radler con limón 0,0% alcohol Amstel lata 12 x 33 cl;9,09;(2,30 €/LITRO)
Cerveza 0,0 alcohol Corona botella 33 cl;1,50;(4,55 €/LITRO)
Cerveza 0,0% alcohol San Miguel botella 6 x 25 cl;3,35;(2,23 €/LITRO)
Cerveza radler con limón 0,0% alcohol Amstel lata 33 cl;0,79;(2,39 €/LITRO)
Cerveza triple zero Ambar lata 33 cl;0,75;(2,27 €/LITRO)
Cerveza 0,0% alcohol Amstel lata 33 cl;0,75;(2,27 €/LITRO)
Cerveza 0,0% alcohol Heineken lata 12 x 33 cl;9,79;(2,47 €/LITRO)
Cerveza 0,0% alcohol Buckler lata 33 cl;0,80;(2,42 €/LITRO)
Cerveza tostada 0,0% alcohol Amstel Oro lata 33 cl;0,89;(2,70 €/LITRO)
Malta Pony lata 33 cl;1,25;(3,79 €/LITRO)
Tinto de verano con limón Dia botella 1.5 l;1,20;(0,80 €/LITRO)
Tinto de verano sin alcohol con limón Dia botella 1.5 l;1,15;(0,77 €/LITRO)
Tinto de verano limón La Casera botella 1.5 l;2,29;(1,53 €/LITRO)
Sangría Dia botella 1.5 l;1,60;(1,07 €/LITRO)
Sangría Don Simón botella 1.5 l;2,09;(1,39 €/LITRO)
Tinto de verano limón Don Simón botella 1.5 l;1,85;(1,23 €/LITRO)
Tinto de verano clásico Dia botella 1.5 l;1,20;(0,80 €/LITRO)
Vino tinto sirah Señorío de Ayerbe botella 75 cl;2,85;(2,65 €/LITRO)
Vino tinto joven D.O. La Mancha Ribera de Algodor botella 75 cl;1,30;(1,73 €/LITRO)
Vino tinto Castillo de Velasco brik 1 l;1,05;(1,05 €/LITRO)
Vino tinto roble D.O. Ribera del Duero Arco del Sol botella 75 cl;3,65;(4,87 €/LITRO)
Vino tinto crianza D.O. Ribera del Duero Heredad baran botella 75 cl;6,29;(6,29 €/LITRO)
Vino tinto reserva Faustino Rivero botella 75 cl;4,49;(4,49 €/LITRO)
Vino tinto crianza D.O. Rioja Castillo de Haro botella 75 cl;4,29;(4,29 €/LITRO)
Vino tinto reserva D.O. La Mancha Ribera de AlgoD.O.r botella 75 cl;2,29;(3,05 €/LITRO)
Vino tinto Valle rojo garrafa 5 l;5,20;(1,04 €/LITRO)
Vino tinto crianza D.O. Cariñena Geraldino botella 75 cl;2,19;(2,92 €/LITRO)
Vino tinto D.O. Valdepeñas Molinos botella 75 cl;2,25;(3,00 €/LITRO)
Vino tinto cabernet sauvignon IGP Señorío de Ayerbe botella 75 cl;2,90;(3,87 €/LITRO)
Vino tinto crianza D.O. Rioja Cvne botella 75 cl;6,95;(9,27 €/LITRO)
Vino tinto crianza D.O Rioja Ramón Bilbao botella 75 cl;9,99;(13,32 €/LITRO)
Vino tinto D.O. Navarra Viña Ardanche botella 75 cl;1,99;(2,65 €/LITRO)
Vino tinto merlot Señorío de Ayerbe botella 75 cl;2,85;(3,80 €/LITRO)
Vino tinto joven D.O. Rioja Castillo de Haro botella 75 cl;3,49;(3,49 €/LITRO)
Vino tinto crianza D.O. Navarra Viña Ardanche botella 75 cl;2,59;(3,45 €/LITRO)
Vino tinto Castillo de Velasco garrafa 2 l;2,50;(1,25 €/LITRO)
Vino tinto 12 meses banda azul D.O. Rioja Federico Paternina botella 75 cl;6,79;(6,65 €/LITRO)
Vino tinto joven D.O. Rioja Faustino Rivero botella 75 cl;4,10;(5,47 €/LITRO)
Vino tinto reserva D.O. Valdepeñas Viña Albalí botella 75 cl;3,69;(4,92 €/LITRO)
Vino tinto crianza D.O. Rioja Azpilicueta botella 75 cl;8,90;(11,87 €/LITRO)
Vino tinto crianza D.O. Ribera del Duero Arco del Sol botella 75 cl;4,49;(5,99 €/LITRO)
Vino tinto Carta de plata botella 75 cl;4,79;(6,39 €/LITRO)
Vino tinto CVC D.O. Rioja Campo viejo botella 75 cl;3,99;(5,32 €/LITRO)
Vino tinto CVC D.O. Rioja Faustino VII botella 75 cl;3,99;(5,32 €/LITRO)
Vino tinto joven madurado D.O. Rioja Castillo de Haro botella 75 cl;3,85;(5,13 €/LITRO)
Vino tinto tempranillo syrah Pinta en Copas botella 75 cl;1,99;(2,65 €/LITRO)
Vino tinto joven D.O. Valdepeñas Viña Danza botella 75 cl;1,79;(2,39 €/LITRO)
Vino tinto mencia D.O. Monterrei Mourama botella 75 cl;4,59;(6,12 €/LITRO)
Vino tinto viñas viejas D.O Toro Campo curero botella 75 cl;4,99;(6,65 €/LITRO)
Vino tinto roble D.O. Ribera del Duero Protos botella 75 cl;9,50;(12,67 €/LITRO)
Vino tinto crianza D.O. Rioja El coto botella 75 cl;6,30;(8,40 €/LITRO)
Vino tinto crianza D.O. Castilla La Mancha Ribera de AlgoD.O.r botella 75 cl;1,70;(2,27 €/LITRO)
Vino tinto crianza D.O. Rioja Ederra botella 75 cl;7,95;(10,60 €/LITRO)
Vino tinto crianza D.O Rioja Señorío de Ondas botella 75 cl;2,99;(3,99 €/LITRO)
Vino tinto crianza D.O. Rioja Castillo de Albai botella 75 cl;3,99;(5,32 €/LITRO)
(1,69 €/LITRO);Vino tinto crianza D.O. Madrid Puerta de Alcalá botella 75 cl;4,55 €
Vino blanco D.O. Valdepeñas Viña Danza botella 75 cl;1,69;(2,25 €/LITRO)
Vino blanco sauvignon D.O. Rueda Rioseco botella 75 cl;4,49;(5,99 €/LITRO)
Vino blanco D.O. Ribeiro Mourama botella 75 cl;5,49;(7,32 €/LITRO)
Vino blanco godello D.O. Monterrei Mourama botella 75 cl;6,49;(8,65 €/LITRO)
Vino blanco Castillo de Velasco brik 1 l;1,05;(1,05 €/LITRO)
Vino blanco Don Simón brik 3 x 18.7 cl;1,50;(2,67 €/LITRO)
Vino blanco verdejo viura D.O. Rueda Vega del Báron botella 75 cl;2,19;(2,92 €/LITRO)
Vino blanco verdejo frizzante Condominium botella 75 cl;2,70;(3,60 €/LITRO)
Vino blanco verdejo Viña Albalí botella 75 cl;3,39;(3,67 €/LITRO)
Vino blanco suave y afrutado Oceanus botella 75 cl;2,15;(2,87 €/LITRO)
Vino blanco semidulce D.O. Rioja Diamante botella 75 cl;4,30;(5,73 €/LITRO)
Vino blanco verdejo D.O. Rueda Veliterra botella 75 cl;3,55;(3,55 €/LITRO)
Vino blanco Don Simón brik 1 l;1,60;(1,60 €/LITRO)
Vino blanco semidulce D.O. Penedés Solell de Flix botella 75 cl;2,99;(2,99 €/LITRO)
Vino blanco verdejo D.O. Rueda Rioseco botella 75 cl;4,49;(4,49 €/LITRO)
Vino fino D.O. Montilla Moriles Singular botella 75 cl;2,85;(3,80 €/LITRO)
Vino blanco Castillo de Velasco garrafa 2 l;2,50;(1,25 €/LITRO)
Vino blanco de uva moscatel Geraldino botella 75 cl;3,60;(4,80 €/LITRO)
Vino blue frizzante 7º Condominium botella 75 cl;2,49;(3,32 €/LITRO)
Vino blanco Cumbre de Gredos brik 1 l;1,69;(1,69 €/LITRO)
Vino blanco viura-sauvignon Pinta en Copas botella 75 cl;1,99;(2,65 €/LITRO)
Vino blanco albariño D.O. Rías Baixas Mourama botella 75 cl;8,49;(11,32 €/LITRO)
Vino blanco joven D.O. Rueda Blume botella 75 cl;4,50;(6,00 €/LITRO)
Vino blanco Castillo de Velasco botella 75 cl;1,39;(1,85 €/LITRO)
Vino blanco frizzante 5º Condominium botella 75 cl;2,49;(3,32 €/LITRO)
Vino blanco Pescador botella 75 cl;4,25;(5,67 €/LITRO)
Vino blanco verdejo D.O. Valdepeñas  Molinos botella 75 cl;2,25;(3,00 €/LITRO)
Vino blanco D.O. Rioja Señorío de Ondas botella 75 cl;2,79;(3,72 €/LITRO)
Vino blanco albariño D.O. Rías Baixas Mar de Frades botella 75 cl;18,90;(25,20 €/LITRO)
Vino chardonnay D.O. Castilla Señorío de Ayerbe botella 75 cl;2,59;(3,45 €/LITRO)
Vino blanco verdejo D.O. Rueda Mayor de Castilla botella 75 cl;3,50;(4,67 €/LITRO)
Vino blanco semidulce D.O. Penedés Bach botella 75 cl;4,49;(5,99 €/LITRO)
Vino frizzante verde Fizzy botella 75 cl;2,99;(3,99 €/LITRO)
Vino de cocina D.O. Montilla-Moriles Castillo de Velasco botella 75 cl;2,35;(3,13 €/LITRO)
Vino blanco verdejo D.O. Rueda Otoñal botella 75 cl;2,99;(3,99 €/LITRO)
(5,77 €/LITRO);Vino blanco verdejo D.O. Rueda Cvne botella 75 cl;6,20 €
(8,27 €/LITRO);Vino blanco chardonnay D.O. Navarra Viña Ardanche botella 75 cl;2,45 €
(3,27 €/LITRO);Vino blanco semidulce D.O. Rioja Señorío de Ondas botella 75 cl;2,99 €
(3,99 €/LITRO);Vino blanco semidulce afrutado D.O. Valdepeñas Viña Albalí botella 75 cl;2,75 €
Cava brut Grand astoria botella 75 cl;3,40;(3,32 €/LITRO)
Cava semiseco Grand astoria botella 75 cl;3,40;(3,32 €/LITRO)
Sidra natural Cortina botella 70 cl;2,40;(3,43 €/LITRO)
Sidra de manzana Ladrón de manzanas botella 25 cl;1,19;(4,76 €/LITRO)
Sidra El gaitero botella 75 cl;2,55;(3,40 €/LITRO)
Cava brut Vía de la Plata botella 75 cl;5,45;(7,27 €/LITRO)
Sidra espumosa Sidrallero botella 75 cl;1,60;(2,13 €/LITRO)
Cava brut nature Codorníu Anna botella 75 cl;9,35;(12,47 €/LITRO)
Cava brut nature Jaume Serra botella 75 cl;4,50;(6,00 €/LITRO)
Cava brut nature Grand astoria botella 75 cl;4,49;(5,99 €/LITRO)
Cava brut Codorníu Anna botella 75 cl;9,35;(12,47 €/LITRO)
Cava Codorníu botella 3 x 20 cl;7,49;(12,48 €/LITRO)
Sidra extra El gaitero botella 75 cl;3,30;(4,40 €/LITRO)
Cava reserva brut nature Grand astoria botella 75 cl;4,45;(5,93 €/LITRO)
Cava semiseco Freixenet Carta Nevada botella 75 cl;6,95;(9,27 €/LITRO)
Cava semiseco Freixenet Carta Nevada botella 3 x 20 cl;6,95;(11,58 €/LITRO)
Cava brut Freixenet Cordón Negro botella 75 cl;7,99;(10,65 €/LITRO)
Vino espumoso spritz Sandara botella 75 cl;4,49;(5,99 €/LITRO)
Vino rosado lambrusco Dante botella 75 cl;2,15;(2,87 €/LITRO)
Vino rosado lambrusco Flaminia botella 75 cl;2,99;(2,99 €/LITRO)
Vino frizzante moscato rosado 5,5º Condominium botella 75 cl;2,99;(3,99 €/LITRO)
Vino rosado D.O. Navarra Viña Ardanche botella 75 cl;2,10;(2,80 €/LITRO)
Vino rosado Castillo de Velasco brik 1 l;1,19;(1,19 €/LITRO)
Vino rosado D.O. Rioja Castillo de Haro botella 75 cl;3,25;(3,25 €/LITRO)
Vino rosado bobal Pinta en Copas botella 75 cl;1,99;(2,65 €/LITRO)
Vino rosado de aguja Peñascal botella 75 cl;3,85;(5,13 €/LITRO)
Vino rosado D.O. Rioja El coto botella 75 cl;4,15;(5,53 €/LITRO)
Vino rosado D.O. Valdepeñas Viña Danza botella 75 cl;1,69;(2,25 €/LITRO)
Vino rosado D.O. Rioja Señorío de Ondas botella 75 cl;2,79;(3,72 €/LITRO)
Vino rosado do rioja Faustino Rivero botella 75 cl;3,49;(4,65 €/LITRO)
(8,13 €/LITRO);Vino rosado D.O. Navarra Gran feudo botella 75 cl;4,79 €
Vodka cinco destilaciones Mikanoff botella 1 l;6,70;(6,70 €/LITRO)
Ginebra Larios botella 1 l;12,99;(12,99 €/LITRO)
Ginebra sabor fresa Barmon's botella 70 cl;7,15;(10,21 €/LITRO)
Ginebra sabor fresa Puerto de Indias botella 70 cl;16,45;(23,50 €/LITRO)
Ginebra Barmon's botella 70 cl;5,99;(8,56 €/LITRO)
Ginebra London dry Tanqueray botella 70 cl;17,49;(24,99 €/LITRO)
Vodka Absolut botella 70 cl;14,99;(21,41 €/LITRO)
Ginebra london dry Beefeater botella 70 cl;15,35;(21,93 €/LITRO)
Ginebra premium Larios 12 botella 70 cl;14,75;(21,07 €/LITRO)
Ginebra exótica Barmon's botella 75 cl;7,99;(10,65 €/LITRO)
Vodka Eristoff botella 70 cl;11,29;(16,13 €/LITRO)
Ginebra Seagram's botella 70 cl;18,39;(26,27 €/LITRO)
Vodka con sabor a caramelo Mikanoff botella 70 cl;5,69;(8,13 €/LITRO)
Ginebra Gordon's botella 70 cl;11,49;(16,41 €/LITRO)
Ginebra cítrica Barmon's botella 70 cl;7,79;(11,13 €/LITRO)
Ginebra japonesa Roku botella 70 cl;25,59;(36,56 €/LITRO)
Ginebra Nordes botella 70 cl;26,49;(37,84 €/LITRO)
Vodka Smirnoff botella 70 cl;11,29;(16,13 €/LITRO)
Ginebra Bombay botella 70 cl;22,39;(31,99 €/LITRO)
Bebida sin alcohol 0,0 Beefeater botella 70 cl;15,35;(21,93 €/LITRO)
Ginebra con sabor a limón mediterráneo Bombay botella 70 cl;19,99;(28,56 €/LITRO)
Pink vodka Eristoff botella 70 cl;8,99;(12,84 €/LITRO)
Ginebra Narisara botella 70 cl;8,99;(12,84 €/LITRO)
Ginebra sabor fresa Larios Rosé botella 70 cl;14,75;(21,07 €/LITRO)
Ginebra nº ten Tanqueray 0.7 l;33,99;(48,56 €/LITRO)
Ginebra inglesa con tomillo y verbena de limón Beefeater Black botella 70 cl;17,99;(25,70 €/LITRO)
Vodka Finlandia botella 70 cl;14,99;(21,41 €/LITRO)
Vodka Moskovskaya botella 70 cl;11,55;(16,50 €/LITRO)
Ron añejo Velero botella 70 cl;5,95;(8,50 €/LITRO)
Ron añejo Brugal botella 70 cl;15,79;(22,56 €/LITRO)
Whisky red label Johnnie Walker botella 70 cl;15,99;(22,84 €/LITRO)
Whisky escocés 3 años Douregal botella 70 cl;6,00;(8,57 €/LITRO)
Ron añejo Barceló botella 70 cl;15,45;(22,07 €/LITRO)
Whisky 8 años Dyc botella 70 cl;14,29;(20,41 €/LITRO)
Whisky Burned Barrel botella 70 cl;5,99;(8,56 €/LITRO)
Whisky Dyc botella 1 l;12,99;(12,99 €/LITRO)
Ron añejo Negrita botella 50 cl;6,99;(13,98 €/LITRO)
Whisky Ballantines botella 70 cl;14,35;(20,50 €/LITRO)
Whisky 5 años Douregal botella 70 cl;8,99;(12,84 €/LITRO)
Ron añejo Cacique botella 70 cl;14,49;(20,70 €/LITRO)
Ron blanco Velero botella 70 cl;5,25;(7,50 €/LITRO)
Ron dominicano viejo Velero botella 70 cl;8,69;(12,41 €/LITRO)
Whisky J&b botella 70 cl;13,49;(19,27 €/LITRO)
Whisky white label Dewars botella 70 cl;14,99;(21,41 €/LITRO)
Ron de coco Malibú botella 70 cl;12,95;(18,50 €/LITRO)
Whisky black label Johnnie Walker botella 70 cl;29,99;(42,84 €/LITRO)
Whisky bourbon Wordens botella 70 cl;9,99;(14,27 €/LITRO)
Whisky tenessee Jack Daniel's botella 70 cl;23,25;(33,21 €/LITRO)
Whisky 12 años Chivas botella 70 cl;29,99;(42,84 €/LITRO)
Whisky 8 años Burned Barrel botella 70 cl;9,99;(14,27 €/LITRO)
Whisky Cutty sark botella 50 cl;8,89;(17,78 €/LITRO)
Whisky Tennessee honey Jack Daniel's botella 70 cl;23,25;(33,21 €/LITRO)
Whisky William Lawson's botella 70 cl;10,99;(15,70 €/LITRO)
Ron blanco superior Bacardi botella 70 cl;13,99;(19,99 €/LITRO)
Ron añejo Santa Teresa botella 70 cl;17,39;(24,84 €/LITRO)
Whisky Passport botella 70 cl;11,99;(17,13 €/LITRO)
Whisky bourbon Jim Beam botella 70 cl;15,49;(22,13 €/LITRO)
Ron solera gran reserva Zacapa botella 35 cl;27,99;(79,97 €/LITRO)
Whisky 12 años The singleton botella 70 cl;27,99;(39,99 €/LITRO)
Mojito Caribica botella 70 cl;4,99;(7,13 €/LITRO)
Vermouth rosso Alvini botella 1 l;2,69;(2,69 €/LITRO)
Vermouth rojo Yzaguirre botella 1 l;8,15;(8,15 €/LITRO)
Vermouth reserva Topaz botella 75 cl;3,49;(4,65 €/LITRO)
Vermouth bianco Martini botella 1 l;10,69;(10,69 €/LITRO)
Vermouth rosso Martini botella 1 l;10,69;(10,69 €/LITRO)
Vermouth rojo Zarro botella 1 l;5,79;(5,79 €/LITRO)
Vermouth blanco Alvini botella 1 l;2,69;(2,69 €/LITRO)
Vermut rojo Ardanche botella 75 cl;2,99;(3,99 €/LITRO)
Vermouth rojo Nordés botella 1 cl;13,25;(1325,00 €/LITRO)
Vermouth rojo tempranillo 61 botella 75 cl;6,99;(9,32 €/LITRO)
Aperitivo Aperol botella 70 cl;13,39;(19,13 €/LITRO)
Vermouth rojo Martini botella 1.5 l;14,69;(9,79 €/LITRO)
Vermouth blanco verdejo 61 botella 75 cl;8,99;(11,99 €/LITRO)
Licor de crema whisky Castle loan botella 70 cl;5,75;(8,21 €/LITRO)
Licor de crema de orujo 17º Mourama botella 70 cl;6,49;(9,27 €/LITRO)
Licor de hierbas 30º Mourama botella 70 cl;5,99;(8,56 €/LITRO)
Licor de crema whisky original Baileys botella 70 cl;15,49;(22,13 €/LITRO)
Licor de limoncello 25º Alvini botella 50 cl;4,89;(9,78 €/LITRO)
(9,27 €/LITRO);Licor de crema de mango Quetzalina botella 70 cl;6,99 €
(9,99 €/LITRO);Whisky Tennessee apple Jack Daniel's botella 70 cl;23,25 €
(33,21 €/LITRO);Licor de crema de fresas Quetzalina botella 70 cl;6,99 €
(9,99 €/LITRO);Licor de anís dulce La Estepa botella 1 l;7,20 €
(7,20 €/LITRO);Licor de anís dulce Del mono botella 70 cl;8,29 €
(11,84 €/LITRO);Licor de hierbas Jägermeister botella 70 cl;14,49 €
(20,70 €/LITRO);Crema de limoncello 16º Alvini botella 50 cl;4,99 €
(9,98 €/LITRO);Licor de crema de chocolate Anderson botella 70 cl;6,95 €
(9,93 €/LITRO);Licor de hierbas Ruavieja botella 70 cl;10,29 €
(14,70 €/LITRO);Licor de manzana sin alcohol Soñador botella 70 cl;2,49 €
(3,56 €/LITRO);Pacharán Zoco botella 70 cl;9,10 €
(13,00 €/LITRO);Pacharán Gorzalka botella 1 l;7,50 €
(7,50 €/LITRO);Licor de crema de orujo Ruavieja botella 70 cl;13,19 €
(18,84 €/LITRO);Licor de crema de cacao La castellana botella 70 cl;10,99 €
(15,70 €/LITRO);Licor de anís dulce Chinchon botella 1 l;11,99 €
(11,99 €/LITRO);Licor de anís dulce La castellana botella 70 cl;7,89 €
Bebida espirituosa tipo brandy Gladiador botella 1 l;5,99;(5,99 €/LITRO)
Brandy de Jerez Soberano botella 70 cl;7,99;(11,41 €/LITRO)
Brandy Veterano botella 1 l;9,49;(9,49 €/LITRO)
Brandy de Jerez solera Gladiador botella 70 cl;6,79;(9,70 €/LITRO)
Brandy de Jerez solera reserva Magno botella 70 cl;12,59;(17,99 €/LITRO)
Brandy Centenario botella 1 l;9,49;(9,49 €/LITRO)
Brandy 5 solera reserva Torres botella 70 cl;10,50;(15,00 €/LITRO)
Brandy de Jerez sherry cask Fundador botella 70 cl;9,99;(14,27 €/LITRO)
Brandy de Jerez solera gran reserva Alma de magno botella 70 cl;16,79;(23,99 €/LITRO)
Suavizante concentrado azul Super Paco de Dia botella 80 lavados;1,90;(0,02 €/LAVADO)
Detergente máquina líquido azul Super Paco de Dia garrafa 46 lavados;3,99;(0,09 €/LAVADO)
Detergente máquina líquido marsella Super Paco de Dia garrafa 46 lavados;4,15;(0,09 €/LAVADO)
Percarbonato blanqueante Super Paco de Dia bolsa 750 g;1,65;(0,22 €/100 GR.)
Detergente máquina líquido blanco&color Super Paco de Dia botella 61 lavados;6,89;(0,11 €/LAVADO)
Detergente máquina líquido marsella Super Paco de Dia garrafa 61 lavados;5,09;(0,08 €/LAVADO)
Suavizante concentrado talco Super Paco de Dia botella 80 lavados;1,90;(0,02 €/LAVADO)
Suavizante concentrado floral Super Paco de Dia botella 80 lavados;1,90;(0,02 €/LAVADO)
Toallitas atrapacolor Super Paco de Dia caja 20 unidades;2,25;(0,11 €/UNIDAD)
Suavizante concentrado algodón Super Paco de Dia botella 80 lavados;1,90;(0,02 €/LAVADO)
Detergente máquina líquido prendas delicadas Super Paco de Dia garrafa 66 lavados;2,50;(0,04 €/LAVADO)
Oxígeno activo color Super Paco de Dia frasco 1 Kg;3,10;(3,10 €/KILO)
Oxígeno activo blanco Super Paco de Dia frasco 1 Kg;3,10;(3,10 €/KILO)
Suavizante concentrado exótico Super Paco de Dia botella 80 lavados;1,90;(0,02 €/LAVADO)
Detergente máquina floral Super Paco de Dia bolsa 20 unidades;3,69;(0,18 €/LAVADO)
Detergente máquina líquido colonia botella Super Paco de Dia garrafa 46 lavados;4,15;(0,09 €/LAVADO)
Quitamanchas Super Paco de Dia spray 1 l;2,45;(2,45 €/LITRO)
Suavizante concentrado cielo azul Vernel botella 60 lavados;3,99;(0,07 €/LAVADO)
Lejía ropa densa perfumada Dia garrafa 2 l;1,20;(0,60 €/LITRO)
Detergente máquina líquido blanco&color Super Paco de Dia botella 30 lavados;4,59;(0,15 €/LAVADO)
Suavizante premium bergamota y sándalo Super Paco de Dia botella 60 lavados;2,29;(0,04 €/LAVADO)
Activador del lavado color Super Paco de Dia garrafa 2 l;1,75;(0,88 €/LITRO)
Detergente máquina polvo marsella Super Paco de Dia caja 35 lavados;4,25;(0,12 €/LAVADO)
Perlas para lavadora classics Flores de Algodón Lenor botella 210 g;5,45;(25,95 €/KILO)
Perfumador líquido oriental Super Paco de Dia botella 600 ml;3,15;(5,25 €/LITRO)
Detergente máquina líquido floral Super Paco de Dia garrafa 46 lavados;4,15;(0,09 €/LAVADO)
Suavizante concentrado termal Super Paco de Dia botella 80 lavados;1,90;(0,02 €/LAVADO)
Suavizante concentrado caricias Mimosin botella 56 lavados;3,25;(0,06 €/LAVADO)
Detergente máquina líquido Skip botella 90 lavados;15,95;(0,18 €/LAVADO)
Detergente máquina limpieza profunda Super Paco de Dia caja 18 unidades;3,49;(0,19 €/LAVADO)
Detergente máquina blanco puro en pastillas Puntomatic bolsa 4 lavados;0,99;(0,25 €/LAVADO)
Perfumador líquido azul Super Paco de Dia botella 600 ml;3,15;(5,25 €/LITRO)
Detergente máquina líquido original Ariel botella 35 lavados;10,49;(0,30 €/LAVADO)
Detergente máquina todo en uno ultra oxi Ariel caja 12 lavados;6,99;(0,58 €/LAVADO)
Detergente máquina líquido total Dixan botella 30 lavados;6,99;(0,23 €/LAVADO)
Detergente máquina ultra poder Super Paco de Dia caja 18 unidades;3,99;(0,22 €/LAVADO)
Perlas de perfume frescor de abril Lenor botella 210 g;5,45;(25,95 €/KILO)
Suavizante concentrado esencia para recordar San botella 59 lavados;2,49;(0,04 €/LAVADO)
Detergente máquina líquido ropa oscura Super Paco de Dia garrafa 30 lavados;4,00;(0,13 €/LAVADO)
Suavizante concentrado azul vital Mimosin botella 69 lavados;3,25;(0,05 €/LAVADO)
Lavavajillas concentrado ultra Super Paco de Dia botella 1 l;1,46;(1,46 €/LITRO)
Lavavajillas concentrado ultra Super Paco de Dia botella 500 ml;0,92;(1,84 €/LITRO)
Lavavajillas máquina todo en 1 Super Paco de Dia bolsa 40 unidades;3,93;(0,10 €/UNIDAD)
Lavavajillas mano concentrado ultra Fairy botella 480 ml;2,99;(6,23 €/LITRO)
Lavavajillas mano concentrado dermo Super Paco de Dia botella 1 l;1,75;(1,75 €/LITRO)
Lavavajillas Super Paco de Dia botella 1.5 l;1,27;(0,85 €/LITRO)
Sal para lavavajillas Super Paco de Dia bolsa 2 Kg;0,95;(0,48 €/KILO)
Lavavajillas mano concentrado ultra Fairy botella 1.15 l;4,79;(4,17 €/LITRO)
Gel lavavajillas máquina todo en 1 Super Paco de Dia botella 720 ml;3,35;(4,65 €/LITRO)
Lavavajillas ultra plus Mistol botella 650 ml;2,69;(3,06 €/LITRO)
Lavavajillas máquina todo en 1 limón Somat botella 640 ml;6,89;(10,77 €/LITRO)
Lavavajillas máquina ultra platinum Fairy bolsa 35 unidades;9,99;(0,29 €/UNIDAD)
Limpiador para máquina lavavajillas Finish botella 250 ml;3,69;(14,76 €/LITRO)
Lavavajillas máquina classic Super Paco de Dia caja 45 unidades;3,98;(0,09 €/UNIDAD)
Lavavajillas máquina poder plus Super Paco de Dia bolsa 25 unidades;4,79;(0,19 €/UNIDAD)
Lavavajillas mano formula mejorada Flota botella 1.1 l;1,59;(1,45 €/LITRO)
Lavavajillas mano concentrado limón Super Paco de Dia botella 1 l;1,75;(1,75 €/LITRO)
Ambientador para lavavajillas limón Super Paco de Dia blister 6 ml;1,20;(200,00 €/LITRO)
Lavavajillas máquina quantum Finish bolsa 28 unidades;8,99;(0,32 €/UNIDAD)
Lavavajillas mano concentrado aloe vera y pepino Fairy botella 820 ml;2,99;(3,65 €/LITRO)
Lavavajillas máquina todo en 1 lima y limón Somat botella 1.08 l;9,99;(6,94 €/LITRO)
Lavavajillas máquina todo en uno limón Finish botella 700 ml;7,49;(10,70 €/LITRO)
Abrillantador para máquina lavavajillas Somat botella 500 ml;3,99;(7,98 €/LITRO)
Ambientador para lavavajillas deo perls Somat blister 1 unidad;3,99;(3,99 €/UNIDAD)
Lavavajillas mano concentrado Alin botella 750 ml;1,49;(1,99 €/LITRO)
Limpiamáquinas intensivo Somat botella 250 ml;3,99;(15,96 €/LITRO)
Abrillantador para lavavajillas máquina Finish botella 500 ml;4,99;(9,98 €/LITRO)
Lavavajillas máquina ultimate plus fresh Finish bolsa 13 unidades;4,99;(0,38 €/UNIDAD)
Lavavajillas turbo espuma Disiclin spray 750 ml;2,99;(3,99 €/LITRO)
Lavavajillas máquina ultimate regular Finish bolsa 32 unidades;11,99;(0,37 €/UNIDAD)
Limpia lavavajillas Somat blister 3 unidades;3,99;(1,33 €/UNIDAD)
Lavavajillas máquina todo en uno power gel Finish botella 700 ml;7,49;(10,70 €/LITRO)
Lavavajillas máquina excellence Somat bolsa 20 unidades;7,99;(0,40 €/UNIDAD)
Sal para lavavajillas Finish caja 2 Kg;4,99;(2,50 €/KILO)
Lavavajillas máquina original limón Fairy bolsa 41 unidades;13,49;(0,33 €/UNIDAD)
Lavavajillas mano ultra poder Fairy botella 450 ml;3,99;(8,87 €/LITRO)
Lavavajillas mano concentrado ultra poder Fairy botella 1.015 l;7,69;(7,58 €/LITRO)
Papel higiénico La Llama Dia bolsa 12 unidades;2,49;(0,21 €/UNIDAD)
Papel higiénico compacto doble rollo La Llama Dia bolsa 12 unidades;4,70;(0,39 €/UNIDAD)
Papel de cocina compacto doble rollo La Llama Dia bolsa 3 unidades;2,35;(0,78 €/UNIDAD)
Papel multiusos absorción 375 servicios La Llama Dia bolsa 1 unidad;2,95;(2,95 €/UNIDAD)
Servilletas blancas 1 capa La Llama Dia bolsa 200 unidades;1,25;(0,01 €/UNIDAD)
Papel higiénico húmedo Fresh La Llama Dia bolsa 80 unidades;1,50;(0,02 €/UNIDAD)
Pañuelos pocket blancos La Llama Dia paquete 10 unidades;1,05;(0,11 €/UNIDAD)
Papel higiénico compacto doble rollo La Llama Dia bolsa 6 unidades;2,40;(0,40 €/UNIDAD)
Pañuelos faciales La Llama Dia caja 150 unidades;0,94;(0,01 €/UNIDAD)
Papel cocina estándar 2 capas La Llama Dia bolsa 2 unidades;1,29;(0,65 €/UNIDAD)
Servilletas suaves 2 capas La Llama Dia bolsa 100 unidades;1,55;(0,02 €/UNIDAD)
Papel higiénico original Scottex bolsa 12 unidades;3,99;(0,33 €/UNIDAD)
Papel multiusos resistente La Llama Dia bolsa 1 unidad;2,99;(2,99 €/UNIDAD)
Papel higiénico suave 2 capas Amoos bolsa 12 unidades;2,29;(0,19 €/UNIDAD)
Papel higiénico perfumado 4 capas La Llama Dia bolsa 8 unidades;3,99;(0,50 €/UNIDAD)
Papel higiénico ultra suave 3 capas La Llama Dia bolsa 8 unidades;3,65;(0,46 €/UNIDAD)
Papel higiénico Foxy bolsa 6 unidades;3,99;(0,67 €/UNIDAD)
Papel higiénico megarrollo Scottex bolsa 6 unidades;3,99;(0,67 €/UNIDAD)
Pañuelos pocket blancos Sonic La Llama Dia paquete 10 unidades;1,75;(0,18 €/UNIDAD)
Papel de cocina con jabón La Llama Dia bolsa 1 unidad;3,25;(3,25 €/UNIDAD)
Servilletas recicladas 2 capas La Llama Dia bolsa 50 unidades;1,59;(0,03 €/UNIDAD)
Papel de cocina limón 2 capas La Llama Dia bolsa 2 unidades;2,20;(1,10 €/UNIDAD)
Papel higiénico húmedo Planeta Junior de Dia bolsa 100 unidades;1,89;(0,02 €/UNIDAD)
Papel higiénico acolchado 3 capas La Llama Dia bolsa 6 unidades;2,99;(0,50 €/UNIDAD)
Papel higiénico acolchado 3 capas Scottex bolsa 9 unidades;4,99;(0,55 €/UNIDAD)
Papel higiénico compacto reciclado doble rollo La Llama Dia bolsa 6 unidades;3,25;(0,54 €/UNIDAD)
Papel multiusos Revolution 3 capas La Llama Dia bolsa 1 unidad;3,45;(3,45 €/UNIDAD)
Rollo cocina jumbo Scottex bolsa 1 unidad;3,99;(3,99 €/UNIDAD)
Papel de cocina decorado 3 capas La Llama Dia bolsa 2 unidades;2,99;(1,50 €/UNIDAD)
Papel de cocina compacto reciclado doble rollo La Llama Dia bolsa 2 unidades;2,19;(1,10 €/UNIDAD)
Papel de cocina Foxy bolsa 2 unidades;3,49;(1,75 €/UNIDAD)
Papel de cocina megarollo Scottex bolsa 2 unidades;1,99;(1,00 €/UNIDAD)
Papel higiénico aloe vera 3 capas La Llama Dia bolsa 6 unidades;2,99;(0,50 €/UNIDAD)
Pañuelos pocket mentolados 4 capas La Llama Dia paquete 10 unidades;1,75;(0,18 €/UNIDAD)
(0,16 €/UNIDAD);Pañuelos faciales Kleenex caja 48 unidades;2,10 €
(0,04 €/UNIDAD);Papel higiénico triple rollo La Llama Dia bolsa 4 unidades;2,59 €
(0,65 €/UNIDAD);Papel higiénico megarollo Scottex bolsa 9 unidades;5,99 €
(0,67 €/UNIDAD);Papel de cocina gigante Scottex bolsa 2 unidades;2,99 €
(1,50 €/UNIDAD);Papel higiénico dermo cuidado Scottex bolsa 6 unidades;4,29 €
Estropajo salvauñas suciedad resistente Super Paco de Dia estuche 3 unidades;0,75;(0,25 €/UNIDAD)
Bayeta de microfibra multiusos pequeña Super Paco de Dia bolsa 3 unidades;1,60;(0,53 €/UNIDAD)
Estropajo suciedad resistente Super Paco de Dia 3 unidades;0,90;(0,30 €/UNIDAD)
Fregona de hilo de microfibras especial suelos delicados Super Paco de Dia bolsa 1 unidad;1,50;(1,50 €/UNIDAD)
Escoba antichoque gris y celeste Sp berner 1 unidad;2,25;(2,25 €/UNIDAD)
Fregona amarilla suave Super Paco de Dia bolsa 1 unidad;0,88;(0,88 €/UNIDAD)
Bayeta de microfibra cristales Super Paco de Dia bolsa 1 unidad;0,85;(0,85 €/UNIDAD)
Estropajo acero inoxidable Super Paco de Dia bolsa 3 unidades;0,75;(0,25 €/UNIDAD)
Bayetas suaves Super Paco de Dia bolsa 6 unidades;1,10;(0,18 €/UNIDAD)
Fregona estampada Super Paco de Dia bolsa 1 unidad;1,40;(1,40 €/UNIDAD)
Borrador mágico Super Paco de Dia bolsa 3 unidades;1,45;(0,48 €/UNIDAD)
Palo antideslizante gris y celeste Sp berner 1 unidad;1,69;(1,69 €/UNIDAD)
Estropajo limpieza delicada Super Paco de Dia 3 unidades;0,90;(0,30 €/UNIDAD)
Bayeta de microfibra multiusos doble cara Super Paco de Dia bolsa 1 unidad;1,15;(1,15 €/UNIDAD)
Recogedor antivuelco con palo gris y celeste Sp berner 1 unidad;2,45;(2,45 €/UNIDAD)
Guantes satinados de látex talla S Super Paco de Dia bolsa 2 unidades;0,76;(0,38 €/UNIDAD)
Estropajo salvauñas limpieza delicada Super Paco de Dia estuche 3 unidades;0,75;(0,25 €/UNIDAD)
Guantes nitrilo desechables talla M Bayeco caja 20 unidades;2,29;(0,11 €/UNIDAD)
Bayeta posavajillas Super Paco de Dia bolsa 1 unidad;1,15;(1,15 €/UNIDAD)
Estropajo vitrocerámica Scotch brite caja 1 unidad;2,39;(2,39 €/UNIDAD)
Guantes flocados de látex talla M Super Paco de Dia bolsa 2 unidades;0,95;(0,48 €/UNIDAD)
Guantes satinados de látex talla M Super Paco de Dia bolsa 2 unidades;0,76;(0,38 €/UNIDAD)
Fregona super 100 % microfibra azul Vileda bolsa 1 unidad;3,39;(3,39 €/UNIDAD)
Bayeta amarilla super absorbente y extra suave Ballerina bolsa 4 unidades;2,49;(0,62 €/UNIDAD)
Estropajo universal azul Scotch brite bolsa 3 unidades;2,79;(0,93 €/UNIDAD)
Estropajo salvauñas classic Scotch brite 3 unidades;2,25;(0,75 €/UNIDAD)
Palo universal rojo Vileda 1 unidad;4,59;(4,59 €/UNIDAD)
Fregona de microfibra Super Paco de Dia bolsa 1 unidad;3,50;(3,50 €/UNIDAD)
Bayeta microfibra atrapa polvo Super Paco de Dia bolsa 1 unidad;0,90;(0,90 €/UNIDAD)
Estropajo universal no raya Spontex bolsa 3 unidades;1,89;(0,63 €/UNIDAD)
Cubo ovalado gris y celeste 14 lt Sp berner 1 unidad;5,25;(5,25 €/UNIDAD)
Guantes flocados de látex talla L Super Paco de Dia bolsa 2 unidades;0,95;(0,48 €/UNIDAD)
Paño especial cristales Limpiamas bolsa 1 unidad;4,19;(4,19 €/UNIDAD)
Bayeta de microfibra Scotch brite bolsa 10 unidades;6,29;(0,63 €/UNIDAD)
Recambio cepillo Vileda 1 unidad;7,45;(7,45 €/UNIDAD)
Fregona de algodón Super Paco de Dia bolsa 1 unidad;1,10;(1,10 €/UNIDAD)
Bayeta suave amarilla máxima absorción Vileda bolsa 3 unidades;2,79;(0,93 €/UNIDAD)
Estropajo extreme fibra morada Scotch brite bolsa 2 unidades;2,99;(1,50 €/UNIDAD)
Bayeta multifácil super absorbente Spontex bolsa 3 unidades;2,75;(0,92 €/UNIDAD)
Cubo escurre fácil Vileda 1 unidad;15,49;(15,49 €/UNIDAD)
Bolsa de basura con autocierre azul 30 lt Super Paco de Dia 30 unidades;1,55;(0,05 €/UNIDAD)
Bolsa de basura especial envases 30 lt Super Paco de Dia 20 unidades;1,39;(0,07 €/UNIDAD)
Bolsa de basura con autocierre perfumada 30 lt Super Paco de Dia 20 unidades;1,45;(0,07 €/UNIDAD)
Bolsa de basura con autocierre 50 lt Super Paco de Dia 10 unidades;1,39;(0,14 €/UNIDAD)
Bolsas de basura autocierre 10 lt Super Paco de Dia 30 unidades;1,01;(0,03 €/UNIDAD)
Bolsa de basura con autocierre comunidad 100 lt Super Paco de Dia 10 unidades;1,35;(0,14 €/UNIDAD)
Bolsa de basura compostable con autocierre 10 lt Super Paco de Dia 15 unidades;1,75;(0,12 €/UNIDAD)
Bolsa de basura con autocierre perfumada cubo alto 30 lt Super Paco de Dia 20 unidades;1,85;(0,09 €/UNIDAD)
Bolsa de basura comunidad 120 lt Super Paco de Dia 10 unidades;1,55;(0,16 €/UNIDAD)
Lejía con detergente Dia garrafa 2 l;1,15;(0,58 €/LITRO)
Lejía Dia garrafa 5 l;1,85;(0,37 €/LITRO)
Lejía con detergente Cloromax garrafa 2 l;1,65;(0,83 €/LITRO)
Lejía con detergente limón Dia garrafa 2 l;1,15;(0,58 €/LITRO)
Amoniaco perfumado Dia botella 1.5 l;0,85;(0,57 €/LITRO)
Lejía hogar garrafa amarilla Dia garrafa 2 l;0,80;(0,40 €/LITRO)
Lejía densa hogar Dia garrafa 2 l;1,15;(0,58 €/LITRO)
Aditivo desinfectante textil Sanytol botella 500 ml;2,99;(5,98 €/LITRO)
Lejía con detergente limón Estrella botella 1.43 l;2,65;(1,85 €/LITRO)
Quitamanchas oxy color Neutrex botella 950 ml;3,99;(4,20 €/LITRO)
Lejía con detergente azul Estrella botella 1.43 l;2,65;(1,85 €/LITRO)
Amoniaco con detergente Dia botella 1.5 l;0,95;(0,63 €/LITRO)
Blanqueador Blanco Nuclear 120 g;2,89;(24,08 €/KILO)
Quitamanchas Vanish spray 750 ml;4,39;(5,85 €/LITRO)
Lejía todo uso Cloromax garrafa 5 l;2,19;(0,44 €/LITRO)
Agua fuerte Dia botella 1 l;1,10;(1,10 €/LITRO)
Quitamanchas para ropa de color Vanish bote 450 g;5,49;(12,20 €/KILO)
Quitamanchas para ropa blanca Vanish bote 450 g;5,49;(12,20 €/KILO)
Quitamanchas Vanish botella 900 ml;5,49;(6,10 €/LITRO)
Aditivo desinfectante textil Lysol botella 720 ml;2,75;(3,82 €/LITRO)
Quitamanchas experto en seco Cebralin spray 200 ml;3,99;(19,95 €/LITRO)
Quitamanchas original sin lejía KH-7 spray 780 ml;5,29;(6,78 €/LITRO)
Quitamanchas oxy blanco puro Neutrex botella 950 ml;3,99;(4,20 €/LITRO)
Friegasuelos aroma spa Super Paco de Dia botella 1.5 l;0,95;(0,63 €/LITRO)
Friegasuelos aroma pino Super Paco de Dia botella 1.5 l;0,95;(0,63 €/LITRO)
Limpiacristales Super Paco de Dia spray 1 l;1,00;(1,00 €/LITRO)
Friegasuelos aroma colonia Super Paco de Dia botella 1.5 l;0,95;(0,63 €/LITRO)
Friegasuelos concentrado rosa Super Paco de Dia botella 1 l;1,70;(1,70 €/LITRO)
Friegasuelos aroma limón Super Paco de Dia botella 1.5 l;0,95;(0,63 €/LITRO)
Limpiador jabonoso madera Tenso pro botella 1 l;1,95;(1,95 €/LITRO)
Friegasuelos concentrado cítrico Super Paco de Dia botella 1 l;1,70;(1,70 €/LITRO)
Limpiador concentrado para suelos y superficies Sanicentro botella 1.5 l;2,49;(1,66 €/LITRO)
Limpiacristales cristalino recambio Cristasol botella 750 ml;2,29;(3,05 €/LITRO)
Limpiacristales cristalino Cristasol spray 750 ml;2,59;(3,45 €/LITRO)
Limpiador jabonoso de madera Pronto botella 750 ml;4,99;(6,65 €/LITRO)
Vinagre de limpieza Powervin botella 1 l;0,90;(0,90 €/LITRO)
Limpiador multiusos Super Paco de Dia spray 1 l;1,30;(1,30 €/LITRO)
Limpiador oxígeno activo Super Paco de Dia botella 1 l;1,35;(1,35 €/LITRO)
Limpiador desinfectante multiusos Sanytol spray 750 ml;2,99;(3,99 €/LITRO)
Desengrasante cítrico Super Paco de Dia spray 1 l;1,85;(1,85 €/LITRO)
Toallitas desinfectantes multiusos Super Paco de Dia bolsa 50 unidades;1,90;(0,04 €/UNIDAD)
Limpiamuebles cuidado experto madera classic Pronto spray 250 ml;2,89;(11,56 €/LITRO)
Limpiahogar ph neutro Super Paco de Dia botella 1.5 l;1,55;(1,03 €/LITRO)
(1,07 €/LITRO);Quitagrasas líquido original KH-7 spray 780 ml;3,69 €
(4,73 €/LITRO);Desinfectante multiusos gerpostar plus Asevi botella 750 ml;2,55 €
(3,40 €/LITRO);Limpiamuebles Hechicera spray 400 ml;3,19 €
(7,98 €/LITRO);Limpiador multiusos lavanda Disiclin 1 l;1,75 €
(1,75 €/LITRO);Limpiador de baño acción total Super Paco de Dia spray 1 l;1,95 €
(1,95 €/LITRO);Limpiador multiusos Sanicentro spray 750 ml;2,39 €
(3,19 €/LITRO);Limpiador desinfectante limpiahogar Sanytol botella 1.2 l;3,25 €
(2,71 €/LITRO);Limpiador desinfectante baños Sanytol spray 750 ml;3,25 €
(4,33 €/LITRO);Limpiador multiusos con lejía Sanicentro spray 750 ml;2,25 €
(3,00 €/LITRO);Limpiador suciedad humedad Cillit bang spray 750 ml;5,29 €
(7,05 €/LITRO);Limpiador multi desinfectante Sanicentro botella 2 l;2,55 €
(1,28 €/LITRO);Alcohol de limpieza perfumado Super Paco de Dia spray 300 ml;1,65 €
(5,50 €/LITRO);Limpiador de hogar multiusos lavanda Ajax botella 1.25 l;2,69 €
(2,15 €/LITRO);Desinfectante multiusos frescor manzana Lysol spray 750 ml;2,99 €
(3,99 €/LITRO);Limpiador multiusos concentrado silver Disiclin botella 900 ml;1,99 €
(2,21 €/LITRO);Limpiador con bioalcohol aloe vera Tenn botella 1.3 l;3,65 €
(2,81 €/LITRO);Limpiador desinfectante cocinas Sanytol spray 750 ml;3,25 €
(4,33 €/LITRO);Limpiador de baño desinfectante sin lejía antical Lysol spray 750 ml;2,99 €
(3,99 €/LITRO);Limpiador multiusos Cristasol spray 750 ml;2,59 €
(3,45 €/LITRO);Limpiador multiusos aire polar Disiclin botella 1 l;1,75 €
(1,75 €/LITRO);Limpiador de hogar pino frescor y limpieza Ajax botella 1.25 l;2,69 €
(2,15 €/LITRO);Limpiador multiusos concentrado gold Disiclin botella 900 ml;1,99 €
(2,21 €/LITRO);Limpiador quitagrasas cítrico con bioalcohol Tenn spray 750 ml;3,39 €
(4,52 €/LITRO);Limpiador multiusos Cillit bang spray 1 l;3,89 €
(3,89 €/LITRO);Desatascador de tuberías turbo WC Net botella 1 l;8,99 €
(8,99 €/LITRO);Limpiahogar universal con bioalcohol Tenn botella 1.3 l;3,65 €
(2,81 €/LITRO);Limpiador multiusos Glassex spray 750 ml;2,75 €
(3,67 €/LITRO);Toallitas desinfectantes Sanytol bolsa 30 unidades;2,29 €
(0,08 €/UNIDAD);Limpiador de baño ultra brillo y limpieza Cillit bang spray 750 ml;4,49 €
(5,99 €/LITRO);Limpiador multiusos con bioalcohol Tenn spray 750 ml;3,29 €
(4,39 €/LITRO);Limpiador desinfectante cocina frescor limón Lysol spray 750 ml;2,99 €
Gel limpiador wc lejía perfumada Super Paco de Dia botella 1 l;0,95;(0,95 €/LITRO)
Gel limpiador wc azul marino Super Paco de Dia botella 1 l;1,15;(1,15 €/LITRO)
Gel limpiador wc pino Super Paco de Dia botella 1 l;1,15;(1,15 €/LITRO)
Colgador para wc floral Super Paco de Dia blister 2 unidades;1,69;(0,85 €/UNIDAD)
Gel desatascador para tuberías Super Paco de Dia botella 1 l;1,85;(1,85 €/LITRO)
Colgador para wc agua azul Super Paco de Dia blister 2 unidades;1,69;(0,85 €/UNIDAD)
Colgador para wc limón Super Paco de Dia blister 2 unidades;1,69;(0,85 €/UNIDAD)
Limpiador de baño Super Paco de Dia spray 1 l;1,95;(1,95 €/LITRO)
Block wc pino poder activo Bref blister 2 unidades;2,99;(1,50 €/UNIDAD)
Limpiador de baño antical Super Paco de Dia spray 1 l;1,89;(1,89 €/LITRO)
Limpiador gel baño Super Paco de Dia botella 1.5 l;1,45;(0,97 €/LITRO)
Block wc deluxe delicate magnolia Bref blister 1 unidad;2,19;(1,49 €/UNIDAD)
Gel desinfectante wc con lejía frescor cítrico Sanicentro botella 1 l;1,95;(1,95 €/LITRO)
Limpiador antimoho y manchas de humedad Sanicentro botella 750 ml;3,59;(4,79 €/LITRO)
Limpiador desinfectante gel baños Sanytol botella 1.2 l;3,99;(3,33 €/LITRO)
Gel desinfectante wc aroma fresco Sanicentro botella 1 l;1,95;(1,95 €/LITRO)
Limpiador de baño con bioalcohol Tenn botella 1.3 l;3,65;(2,81 €/LITRO)
Gel limpiador wc 3 en 1 océano Pato botella 750 ml;2,99;(3,99 €/LITRO)
Colgador para wc pino Super Paco de Dia blister 2 unidades;1,69;(0,85 €/UNIDAD)
Desatascador baño acción turbo Sanicentro botella 1 l;4,25;(4,25 €/LITRO)
Discos activos aparato aroma lima Pato blister 1 unidad;3,49;(0,58 €/UNIDAD)
Block wc azul poder activo Bref blister 1 unidad;2,15;(2,15 €/UNIDAD)
Desatascador de tuberías cabellos WC Net garrafa 1 l;6,99;(6,99 €/LITRO)
Limpiador cocina/baño Ecocleox spray 500 ml;3,99;(7,98 €/LITRO)
Discos activos aroma lima fresca Pato caja 2 unidades;5,29;(2,65 €/UNIDAD)
Gel denso desatascador WC Net botella 1 l;6,85;(6,85 €/LITRO)
Limpiador potente Super Paco de Dia spray 1 l;1,85;(1,85 €/LITRO)
Limpiador de vitrocerámica Super Paco de Dia spray 500 ml;1,75;(3,50 €/LITRO)
Limpiador vitrocerámica crema Vitroclen botella 200 ml;3,89;(19,45 €/LITRO)
Toallitas limpiadoras multiusos Super Paco de Dia bolsa 80 unidades;1,99;(0,02 €/UNIDAD)
Limpiador de vitrocerámica en crema Super Paco de Dia botella 500 ml;2,00;(4,00 €/LITRO)
Quitagrasas Asevi spray 750 ml;3,25;(4,33 €/LITRO)
Limpiador cocina/baño Ecocleox spray 500 ml;3,99;(7,98 €/LITRO)
Papel de aluminio Super Paco de Dia caja 30 m;2,25;(0,08 €/METRO)
Papel de horno Super Paco de Dia caja 20 unidades;1,13;(0,06 €/UNIDAD)
Film transparente Super Paco de Dia caja 80 m;1,60;(0,02 €/METRO)
Papel para freidora de aire Super Paco de Dia bolsa 25 unidades;1,99;(0,08 €/UNIDAD)
Bolsas de congelación 4 litros Super Paco de Dia caja 30 unidades;0,64;(0,02 €/UNIDAD)
Bolsas de congelación doble zip 3 litros Super Paco de Dia caja 15 unidades;1,30;(0,09 €/UNIDAD)
Bolsas de congelación 8 litros Super Paco de Dia caja 25 unidades;0,92;(0,04 €/UNIDAD)
Bolsas de congelación doble zip 1 litro Super Paco de Dia caja 20 unidades;1,20;(0,06 €/UNIDAD)
Bolsas de papel para bocadillo Super Paco de Dia caja 25 unidades;1,99;(0,08 €/UNIDAD)
Insecticida cucarachas y hormigas Aniquilax de Dia spray 400 ml;2,70;(6,75 €/LITRO)
Insecticida moscas y mosquitos perfumado Aniquilax spray 750 ml;2,25;(3,00 €/LITRO)
Insecticida eléctrico antimosquitos recambio Aniquilax caja 1 unidad;2,49;(2,49 €/UNIDAD)
Trampa para cucarachas Casa Jardín caja 6 unidades;2,95;(0,49 €/UNIDAD)
Pastillas antipolillas lavanda Aniquilax bolsa 24 unidades;1,20;(0,05 €/UNIDAD)
Pastillas antipolillas ropa limpia Aniquilax bolsa 24 unidades;1,20;(0,05 €/UNIDAD)
Insecticida moscas y mosquitos sin perfume Aniquilax spray 750 ml;2,25;(3,00 €/LITRO)
Colgador antipolillas ropa limpia Aniquilax bolsa 2 unidades;1,25;(0,63 €/UNIDAD)
Insecticida eléctrico antimosquitos difusor + recambio Aniquilax caja 1 unidad;3,75;(3,75 €/UNIDAD)
Colgador antipolillas lavanda Aniquilax bolsa 2 unidades;1,25;(0,63 €/UNIDAD)
Insecticida eléctrico anti mosquitos aparato + recambio Raid caja 1 unidad;4,99;(4,99 €/UNIDAD)
Ambientador ropa limpia Super Paco de Dia spray 300 ml;1,15;(3,83 €/LITRO)
Ambientador automático flores blancas Super Paco de Dia spray 250 ml;1,80;(7,20 €/LITRO)
Ambientador pomelo y sándalo Super Paco de Dia spray 300 ml;1,15;(3,83 €/LITRO)
Sobre perfume white cotton Imaqe de Dia bolsa 2 unidades;1,99;(1,00 €/UNIDAD)
Ambientador automático ropa limpia Super Paco de Dia spray 250 ml;1,80;(7,20 €/LITRO)
Ambientador mikado white cotton Imaqe de Dia caja 40 ml;2,15;(53,75 €/LITRO)
Ambientador líquido concentrado blossom Foresan botella 125 ml;1,70;(13,60 €/LITRO)
Ambientador perlas perfumadas tropical Super Paco de Dia 110 g;1,45;(13,18 €/KILO)
Ambientador gel aroma flores blancas Super Paco de Dia 150 g;1,09;(7,27 €/KILO)
Neutralizador de olores algodón fresco Air Wick spray 1 unidad;2,99;(2,99 €/UNIDAD)
Ambientador eléctrico flores blancas recambio Super Paco de Dia caja 1 unidad;1,85;(1,85 €/UNIDAD)
Ambientador perlas perfumadas lima Super Paco de Dia 110 g;1,45;(13,18 €/KILO)
Ambientador aroma flores blancas Mayordomo spray 400 ml;1,99;(4,98 €/LITRO)
Vela perfumada frutos rojos Imaqe de Dia caja 1 unidad;1,85;(1,85 €/UNIDAD)
Ambientador automático naranjos en flor Super Paco de Dia spray 250 ml;1,80;(7,20 €/LITRO)
Ambientador automático encantos de oriente Super Paco de Dia spray 250 ml;1,80;(7,20 €/LITRO)
Ambientador mikado magnolia Imaqe de Dia caja 40 ml;2,15;(53,75 €/LITRO)
Ambientador eléctrico difusor Super Paco de Dia caja 1 unidad;1,60;(1,60 €/UNIDAD)
Ambientador eléctrico bergamota y jazmín recambio Super Paco de Dia caja 1 unidad;1,85;(1,85 €/UNIDAD)
Ambientador automático pétalos de talco Super Paco de Dia spray 250 ml;1,80;(7,20 €/LITRO)
Ambientador mikado aromaterapia energy Imaqe de Dia caja 40 ml;2,40;(60,00 €/LITRO)
Vela perfumada nata y fresa Imaqe de Dia caja 1 unidad;1,85;(1,85 €/UNIDAD)
Difusor ambientador manual con recambio océano Super Paco de Dia caja 1 unidad;1,99;(1,99 €/UNIDAD)
Ambientador mikado aromaterapia relax Imaqe de Dia caja 40 ml;2,40;(60,00 €/LITRO)
Ambientador eléctrico jardín de invierno recambio Super Paco de Dia caja 1 unidad;1,85;(1,85 €/UNIDAD)
Ambientador para coche y hogar coche nuevo Imaqe de Dia 4 ml;1,85;(462,50 €/LITRO)
Ambientador para coche y hogar lima Imaqe de Dia caja 6 ml;1,85;(308,33 €/LITRO)
Ambientador jardín zen Super Paco de Dia spray 300 ml;1,15;(3,83 €/LITRO)
Incienso palo santo La casa de los aromas caja 20 unidades;1,09;(0,05 €/UNIDAD)
Vela perfumada aire limpio Imaqe de Dia caja 1 unidad;1,85;(1,85 €/UNIDAD)
Ambientador para coche y hogar coco Imaqe de Dia 4 ml;1,85;(462,50 €/LITRO)
Ambientador jazmín y lila recambio Super Paco de Dia caja 2 unidades;1,99;(1,00 €/UNIDAD)
Ambientador brisa Asevi spray 400 ml;2,65;(6,63 €/LITRO)
Ambientador campos de lavanda Super Paco de Dia spray 300 ml;1,15;(3,83 €/LITRO)
Ambientador eléctrico mandarina y magnolia recambio Super Paco de Dia caja 1 unidad;1,85;(1,85 €/UNIDAD)
Ambientador gel aroma campos de lavanda Super Paco de Dia 150 g;1,09;(7,27 €/KILO)
Ambientador para coche y hogar chicle de fresa Imaqe de Dia 4 ml;1,85;(462,50 €/LITRO)
Difusor ambientador manual con recambio flores blancas Super Paco de Dia caja 1 unidad;1,99;(1,99 €/UNIDAD)
Ambientador automático active fresh eucalipto aparato + recambio Air Wick spray 1 unidad;6,99;(6,99 €/UNIDAD)
Ambientador eliminador de olores frescor verde Oust spray 300 ml;3,99;(13,30 €/LITRO)
Esponja para calzado brillo inmediato incolora Yak caja 1 unidad;1,75;(1,75 €/UNIDAD)
Desodorante desinfectante para calzado Sanytol spray 150 ml;3,89;(25,93 €/LITRO)
Crema liquida color negro La piel bote 50 ml;1,19;(23,80 €/LITRO)
Cerillas Flam'up caja 3 unidades;0,99;(0,33 €/UNIDAD)
Pila alcalina aa Varta blister 4 unidades;3,39;(0,85 €/UNIDAD)
Pinzas de madera bolsa 24 unidades;1,49;(0,06 €/UNIDAD)
(0,85 €/UNIDAD);Pila alcalina aaa Cegasa blister 4 unidades;3,69 €
(0,92 €/UNIDAD);Pastillas de encendido Uni fuego caja 36 unidades;1,55 €
(0,04 €/UNIDAD);Mechero recargable Clipper blister 3 unidades;2,50 €
(0,83 €/UNIDAD);Cañitas de papel de 4 colores Betik bolsa 48 unidades;1,39 €
(0,03 €/UNIDAD);Platos de cartón redondo kraft de 22 cm Betik bolsa 20 unidades;1,99 €
(0,10 €/UNIDAD);Pila botón cr2032 Varta blister 2 unidades;3,49 €
(1,75 €/UNIDAD);Pila alcalina aa Cegasa blister 4 unidades;3,69 €
(0,92 €/UNIDAD);Filtro 1x4 para café Melitta caja 40 unidades;2,69 €
(0,07 €/UNIDAD);Rodillo quitapelusas Scotch brite 1 unidad;3,49 €
(3,49 €/UNIDAD);Briqueta de carbón Los rivera bolsa 3 Kg;3,69 €
(1,23 €/KILO);Pila alcalina max power aa Varta blister 4 unidades;6,09 €
(1,52 €/UNIDAD);Vasos desechables compostable de 35 cl Betik bolsa 15 unidades;1,99 €
(0,13 €/UNIDAD);Papel de regalo fantasía rollo 2 mt (modelos diferentes);Papel de regalo fantasía rollo 2 mt (modelos diferentes)
0,99 €;(0,50/METRO);Bolsa de algodón rosa Dia 1 unidad
1,99 €;(1,99/UNIDAD);Bolsa de algodón azul Dia 1 unidad
1,99 €;(1,99/UNIDAD);Pila alcalina power aa Varta blister 4 unidades
4,99 €;(1,25/UNIDAD);Bolsa de rafia 4 asas Dia 1 unidad
0,75 €;(0,75/UNIDAD);Vasos de papel kraft de 24 cl Betik 12 unidades
1,99 €;(0,17/UNIDAD);Vasos desechables compostable de 1 lt Betik bolsa 10 unidades
3,25 €;(0,33/UNIDAD);Colgador mediano Command blister 2 unidades
2,50 €;(1,25/UNIDAD);Bolsa de rafia isotérmica con velcro Dia 1 unidad
1,99 €;(1,99/UNIDAD);Bolsa de algodón roja Dia 1 unidad
1,99 €;(1,99/UNIDAD);Carbón vegetal Los rivera bolsa 3 Kg
Body milk hidratante aloe vera y ácido hialurónico Imaqe de Dia botella 400 ml;1,99;(0,50 €/100 ML.)
Body milk reafirmante vitamina C y Q10 Imaqe de Dia botella 400 ml;1,99;(0,50 €/100 ML.)
Crema de manos reparadora concentrada con urea Imaqe de Dia tubo 75 ml;1,30;(1,73 €/100 ML.)
Aceite corporal argán Imaqe de Dia botella 400 ml;2,95;(0,74 €/100 ML.)
Crema regeneradora rosa mosqueta y colágeno Imaqe de Dia bote 250 ml;2,60;(1,04 €/100 ML.)
Body milk nutritivo almendras y prebióticos Imaqe de Dia botella 400 ml;1,99;(0,50 €/100 ML.)
Crema corporal nutritiva oliva y péptidos Imaqe de Dia bote 250 ml;1,50;(0,60 €/100 ML.)
Crema de manos con vainilla Imaqe de Dia tubo 50 ml;1,00;(2,00 €/100 ML.)
Body milk nutritivo cuidado intensivo piel seca/muy seca Nivea botella 400 ml;4,99;(1,25 €/100 ML.)
Crema reparadora para pies con urea Imaqe de Dia tubo 125 ml;1,55;(1,24 €/100 ML.)
Crema hidratante universal todo tipo de pieles Nivea lata 250 ml;3,99;(1,60 €/100 ML.)
Crema corporal reparadora urea piel seca Instituto Español bote 400 ml;3,95;(0,99 €/100 ML.)
Aceite corporal aromaterapia Imaqe de Dia botella 250 ml;2,99;(1,20 €/100 ML.)
Calcetín ultra hidratante para pies Imaqe de Dia bolsa 2 unidades;3,99;(2,00 €/UNIDAD)
Aceite corporal natural anticelulítico ecocert Imaqe de Dia botella 100 ml;2,99;(2,99 €/100 ML.)
Crema corporal aromaterapia Imaqe de Dia botella 240 ml;2,35;(0,98 €/100 ML.)
Crema corporal coco Babaria bote 400 ml;3,50;(0,88 €/100 ML.)
Aceite corporal aloe vera Imaqe de Dia botella 400 ml;2,55;(0,64 €/100 ML.)
Crema de manos nutritiva manteca de Karité Imaqe de Dia tubo 125 ml;1,30;(1,04 €/100 ML.)
Crema de manos con melocotón Imaqe de Dia tubo 50 ml;1,00;(2,00 €/100 ML.)
Manteca corporal nutritiva natural cupuaçú y colágeno ecocert Imaqe de Dia bote 200 ml;4,50;(2,25 €/100 ML.)
Gel frío calmante para pies y piernas Imaqe de Dia tubo 125 ml;1,55;(1,24 €/100 ML.)
Exfoliante corporal aromaterapia extracto de lavanda Imaqe de Dia bote 250 ml;3,75;(1,50 €/100 ML.)
Leche corporal vitamina b3 Babaria bote 500 ml;2,99;(0,60 €/100 ML.)
Crema corporal reparadora urea formato viaje Instituto Español bote 40 ml;1,00;(2,50 €/100 ML.)
Crema de manos hidratante aloe vera Imaqe de Dia tubo 125 ml;1,30;(1,04 €/100 ML.)
Crema de manos con aceite de coco y almendras Dove tubo 75 ml;3,25;(4,33 €/100 ML.)
Crema hidratante refrescante Nivea soft frasco 200 ml;2,99;(1,50 €/100 ML.)
Crema corporal aceite de oliva piel seca Nivea botella 400 ml;3,99;(1,00 €/100 ML.)
Loción corporal emoliente Kinesia bote 400 ml;4,99;(1,25 €/100 ML.)
Body shimmer perfumado Imaqe de Dia botella 100 ml;3,90;(3,90 €/100 ML.)
Crema exfoliante para pies piedra pómez Imaqe de Dia tubo 125 ml;1,90;(1,52 €/100 ML.)
Crema corporal vitamina c Babaria bote 400 ml;3,20;(0,80 €/100 ML.)
Aceite corporal piel perfecta formato viaje Natural Honey bote 100 ml;1,50;(1,50 €/100 ML.)
Loción corporal intensiva piel extra seca Dove bote 400 ml;4,99;(1,25 €/100 ML.)
Loción corporal con karité piel seca Dove bote 400 ml;4,99;(1,25 €/100 ML.)
Crema corporal con vitaminas encapsuladas Imaqe de Dia bote 250 ml;2,95;(1,18 €/100 ML.)
Leche corporal nutritiva piel normal-seca Lactovit bote 400 ml;4,99;(1,25 €/100 ML.)
Crema hidratante cara y cuerpo aloe Tabaibaloe frasco 300 ml;2,45;(0,82 €/100 ML.)
Crema multiusos para hombres Nivea lata 150 ml;3,99;(2,66 €/100 ML.)
Gel de ducha avena botella 1 l;1,05;(0,11 €/100 ML.)
Gel de ducha hidratante de almendras y miel Imaqe de Dia botella 750 ml;1,40;(0,19 €/100 ML.)
Gel de ducha Tradición con aceites esenciales Imaqe de Dia botella 750 ml;1,40;(0,19 €/100 ML.)
Esponjas de baño clásica muy suave Imaqe de Dia bolsa 2 unidades;1,30;(0,65 €/UNIDAD)
Gel de ducha nutritivo con proteínas de leche Imaqe de Dia botella 1.5 l;2,25;(0,15 €/100 ML.)
Gel de ducha avena Instituto Español botella 1.25 l;2,55;(0,20 €/100 ML.)
Esponja de baño flor acción exfoliante Imaqe de Dia bolsa 1 unidad;0,85;(0,85 €/UNIDAD)
Gel de ducha reparador leche de coco Fruit Revolution Imaqe de Dia botella 750 ml;1,45;(0,19 €/100 ML.)
Recambio gel de ducha zero Imaqe de Dia bolsa 1 l;1,59;(0,16 €/100 ML.)
Gel de ducha vainilla y macadamia Fruit Revolution Imaqe de Dia botella 750 ml;1,45;(0,19 €/100 ML.)
Gel de ducha hidratante cuidado experto formato XXL Sanex botella 850 ml;3,90;(0,46 €/100 ML.)
Gel de ducha dermo protección Imaqe de Dia botella 750 ml;1,40;(0,19 €/100 ML.)
Gel de ducha leche y miel Palmolive NB botella 600 + 100 ml;2,99;(0,50 €/100 ML.)
Esponjas de baño exfoliante suave Imaqe de Dia bolsa 2 unidades;1,30;(0,65 €/UNIDAD)
Gel de ducha original Dove botella 450 ml;2,79;(0,62 €/100 ML.)
Gel de ducha elixir de argán Natural Honey botella 600 ml;2,49;(0,42 €/100 ML.)
Gel de ducha antioxidante oliva Imaqe de Dia botella 750 ml;1,40;(0,19 €/100 ML.)
Gel de ducha aloe vera Instituto Español botella 1.25 l;2,55;(0,20 €/100 ML.)
Gel de baño hidratante Natural Honey botella 675 ml;2,39;(0,35 €/100 ML.)
Gel íntimo Imaqe de Dia bote 500 ml;1,25;(0,25 €/100 ML.)
Gel de ducha hidratante con glicerina Imaqe de Dia botella 750 ml;1,45;(0,19 €/100 ML.)
Esponjas de baño de rizo extrasuave Imaqe de Dia bolsa 2 unidades;1,30;(0,65 €/UNIDAD)
Gel de ducha Zero sin colorantes Imaqe de Dia botella 750 ml;1,49;(0,20 €/100 ML.)
Gel de ducha tonificante termal Imaqe de Dia botella 750 ml;1,40;(0,19 €/100 ML.)
Gel de ducha con glicerina clásico Imaqe de Dia botella 750 ml;1,40;(0,19 €/100 ML.)
Gel de ducha coco Natural Honey botella 600 ml;2,49;(0,42 €/100 ML.)
Gel de ducha hidratante Sanex Neutro 600 ml;3,69;(0,62 €/100 ML.)
Gel de ducha clásico Moussel botella 650 ml;3,79;(0,58 €/100 ML.)
Gel de ducha hidratante con rosa y jazmín Imaqe de Dia botella 750 ml;1,45;(0,19 €/100 ML.)
Gel de ducha almendra y leche Palmolive NB botella 600 ml;2,99;(0,50 €/100 ML.)
Gel de ducha hidratante cuidado experto Sanex botella 600 ml;3,69;(0,62 €/100 ML.)
Recambio gel de ducha hidratante Sanex Neutro 950ml;3,99;(0,42 €/100 ML.)
Gel de ducha té verde Natural Honey botella 600 ml;2,45;(0,41 €/100 ML.)
Esponja de baño infantil Suavipiel bolsa 1 unidad;1,90;(1,90 €/UNIDAD)
Esponja de baño vegetal suave Imaqe de Dia bolsa 1 unidad;1,40;(1,40 €/UNIDAD)
Gel cuidado experto con urea para piel seca Sanex botella 600 ml;3,69;(0,62 €/100 ML.)
Gel de baño nutritivo original Lactovit botella 750 ml;2,95;(0,39 €/100 ML.)
Gel íntimo formula fresca Chilly bote 250 ml;4,75;(1,90 €/100 ML.)
Gel de ducha lavanda y ylang ylan relajante Palmolive NB botella 500 ml;3,49;(0,70 €/100 ML.)
Gel íntimo aloe vera Carefree tubo 200 ml;3,60;(1,80 €/100 ML.)
Pasta de dientes Colgate Triple Action tubo 75 ml;1,99;(2,65 €/100 ML.)
Pasta de dientes Colgate Total Prevención Activa Original tubo 75 ml;2,99;(3,99 €/100 ML.)
Pasta de dientes blanqueadora Colgate Max White tubo 75 ml;2,59;(3,45 €/100 ML.)
Pasta de dientes protección total Imaqe de Dia tubo 75 ml;1,35;(1,80 €/100 ML.)
Enjuague bucal zero alcohol Imaqe de Dia bote 500 ml;1,35;(0,27 €/100 ML.)
Enjuague bucal protección dientes y encías Imaqe de Dia botella 500 ml;1,35;(0,27 €/100 ML.)
Cepillo de dientes suave Imaqe de Dia blister 3 unidades;1,00;(0,33 €/UNIDAD)
Cepillos interdentales extrafinos Imaqe de Dia blister 6 unidades;1,50;(0,25 €/UNIDAD)
Pasta de dientes Colgate Maximum Caries Protection tubo 75 ml;1,99;(2,65 €/100 ML.)
Enjuague bucal blanqueador Imaqe de Dia bote 500 ml;1,50;(0,30 €/100 ML.)
Pasta de dientes blanqueadora bicarbonato Signal tubo 100 ml;1,75;(1,75 €/100 ML.)
Enjuague bucal acción total Imaqe de Dia bote 500 ml;1,50;(0,30 €/100 ML.)
Tabletas limpiadoras para prótesis dental Imaqe de Dia caja 30 unidades;2,45;(0,08 €/UNIDAD)
Pasta de dientes complete con enjuague bucal Oral-B tubo 75 ml;1,99;(2,65 €/100 ML.)
Cepillo de dientes Extra Clean Colgate blister 4 unidades;2,99;(0,75 €/UNIDAD)
Pasta de dientes sensitive Imaqe de Dia tubo 75 ml;1,70;(2,27 €/100 ML.)
Pasta de dientes blanqueante Imaqe de Dia tubo 75 ml;1,55;(2,07 €/100 ML.)
Cepillo de dientes duro Imaqe de Dia blister 3 unidades;1,00;(0,33 €/UNIDAD)
Pasta de dientes frescor diario Parodontax tubo 75 ml;4,79;(6,39 €/100 ML.)
Enjuague bucal antibacterias Colgate Triple Action botella 500 ml;3,79;(0,76 €/100 ML.)
Crema adhesiva para prótesis dental Imaqe de Dia tubo 40 g;2,80;(7,00 €/100 GR.)
Pasta de dientes dos en uno fresa +6 años Licor del Polo bote 75 ml;2,25;(3,00 €/100 ML.)
Cepillo de dientes infantil 3-6 años Planeta Bebé de Dia blister 1 unidad;0,99;(0,99 €/UNIDAD)
Cepillo de dientes x-action medio Imaqe de Dia blister 2 unidades;1,30;(0,65 €/UNIDAD)
Pasta de dientes ultra fresh Imaqe de Dia tubo 75 ml;1,20;(1,60 €/100 ML.)
Arcos dentales sabor menta Imaqe de Dia caja 30 unidades;0,90;(0,03 €/UNIDAD)
Pasta de dientes herbal Imaqe de Dia tubo 75 ml;1,30;(1,73 €/100 ML.)
Pasta de dientes protección Oral-B tubo 85 ml;3,20;(3,76 €/100 ML.)
Enjuague bucal mentol Listerine botella 500 ml;5,99;(1,20 €/100 ML.)
Pasta de dientes original fluorada Kemphor tubo 75 ml;1,99;(2,65 €/100 ML.)
Pasta de dientes eucalipto Colgate Herbal tubo 75 ml;2,10;(2,80 €/100 ML.)
Pasta de dientes dos en uno blanqueador avanzado Licor del Polo bote 75 ml;2,25;(3,00 €/100 ML.)
Enjuague bucal dientes y encías Listerine botella 500 ml;5,99;(1,20 €/100 ML.)
Pasta de dientes sensibilidad y encías Sensodyne tubo 75 ml;4,79;(6,39 €/100 ML.)
Enjuague bucal cuidado total Listerine botella 500 ml;5,99;(1,20 €/100 ML.)
Enjuague bucal infantil frutos rojos Planeta Junior de Dia bote 500 ml;1,40;(0,28 €/100 ML.)
Pasta de dientes carbón activado Colgate Max White tubo 75 ml;3,29;(4,39 €/100 ML.)
Cepillo de dientes suave niños + 6 años Planeta Junior de Dia blister 1 unidad;0,90;(0,90 €/UNIDAD)
Pasta de dientes protección diaria Sensodyne tubo 75 ml;3,95;(5,27 €/100 ML.)
Kit dental express mini Pierrot estuche 1 unidad;3,95;(3,95 €/UNIDAD)
Desodorante roll-on antitranspirante con extracto de rosa mosqueta Imaqe de Dia bote 50 ml;0,85;(1,70 €/100 ML.)
Desodorante roll-on dermo extra control duplo Sanex bote 100 ml;3,95;(3,95 €/100 ML.)
Desodorante invisible ice fresh Rexona spray 200 ml;2,70;(1,35 €/100 ML.)
Desodorante roll-on black and white mujer Imaqe de Dia bote 50 ml;0,85;(1,70 €/100 ML.)
Desodorante roll-on antitranspirante para pieles sensibles Imaqe de Dia bote 50 ml;0,85;(1,70 €/100 ML.)
Desodorante roll-on piel sensible antitranspirante Sanex Dermo Sensitive bote 50 ml;2,19;(4,38 €/100 ML.)
Desodorante hombre Blue River Imaqe de Dia spray 150 ml;1,89;(1,26 €/100 ML.)
Desodorante antitranspirante con extracto de rosa mosqueta Imaqe de Dia spray 200 ml;1,70;(0,85 €/100 ML.)
Desodorante invisible on black + white Rexona spray 200 ml;2,70;(1,35 €/100 ML.)
Desodorante roll-on advanced care original Dove bote 50 ml;2,49;(4,98 €/100 ML.)
Desodorante roll-on sensitive Byly bote 50 ml;1,90;(3,80 €/100 ML.)
Desodorante roll-on hombre protección 48 h Imaqe de Dia bote 50 ml;0,85;(1,70 €/100 ML.)
Desodorante roll-on dry impact plus Nivea bote 50 ml;2,15;(4,30 €/100 ML.)
Desodorante black and white mujer Imaqe de Dia spray 200 ml;1,70;(0,85 €/100 ML.)
Desodorante roll-on 0% alcohol y sales de aluminio Imaqe de Dia bote 50 ml;0,85;(1,70 €/100 ML.)
Desodorante dark temptation Axe spray 150 ml;3,15;(2,10 €/100 ML.)
Desodorante roll-on confort Nivea bote 50 ml;2,15;(4,30 €/100 ML.)
Toallitas desodorantes Imaqe de Dia bolsa 12 unidades;1,00;(0,08 €/UNIDAD)
Desodorante roll-on extra control Sanex Zero% bote 50 ml;2,25;(4,50 €/100 ML.)
Desodorante protege & cuida dermo algodón Imaqe de Dia spray 200 ml;1,70;(0,85 €/100 ML.)
Desodorante en barra negro Tulipán Negro bote 75 ml;2,39;(3,19 €/100 ML.)
Desodorante black and white hombre Imaqe de Dia spray 200 ml;1,70;(0,85 €/100 ML.)
Desodorante roll-on tropical Rexona bote 50 ml;2,15;(4,30 €/100 ML.)
Desodorante extra control Sanex Dermo spray 200 ml;2,99;(1,50 €/100 ML.)
Desodorante roll-on invisible for black & white hombre Nivea bote 50 ml;2,15;(4,30 €/100 ML.)
Desodorante para pieles sensibles Imaqe de Dia spray 200 ml;1,70;(0,85 €/100 ML.)
Desodorante 0% alcohol y sales de aluminio Imaqe de Dia spray 200 ml;1,70;(0,85 €/100 ML.)
Desodorante go fresh pepino y té verde Dove spray 200 ml;3,99;(2,00 €/100 ML.)
Desodorante spray mujer Rexona spray 200 ml;3,59;(1,80 €/100 ML.)
Desodorante invisible black & white Nivea spray 200 ml;2,95;(1,48 €/100 ML.)
Desodorante antimanchas invisible Sanex Dermo spray 200 ml;3,39;(1,70 €/100 ML.)
Desodorante roll-on black and white hombre Imaqe de Dia bote 50 ml;0,85;(1,70 €/100 ML.)
Desodorante motionsense aloe vera Rexona spray 200 ml;3,59;(1,80 €/100 ML.)
Desodorante antitranspirante hombre dry & protect Imaqe de Dia spray 200 ml;1,70;(0,85 €/100 ML.)
Desodorante roll-on invisible for black & white Nivea bote 50 ml;2,15;(4,30 €/100 ML.)
Desodorante dry impact Nivea spray 200 ml;2,95;(1,48 €/100 ML.)
Desodorante roll-on para pieles atópicas Imaqe de Dia bote 50 ml;0,85;(1,70 €/100 ML.)
Desodorante roll-on hombre active control Sanex bote 50 ml;2,19;(4,38 €/100 ML.)
Desodorante roll-on piedra de alumbre antimanchas Sanex Natur Protect bote 50 ml;2,29;(4,58 €/100 ML.)
Desodorante original Tulipán Negro spray 200 ml;2,49;(1,25 €/100 ML.)
Champú familiar botella 1 l;1,19;(0,12 €/100 ML.)
Champú para pelo rizado Método Curly Imaqe de Dia botella 400 ml;3,60;(0,90 €/100 ML.)
Champú pelo teñido keratina profesional Imaqe de Dia botella 750 ml;1,99;(0,27 €/100 ML.)
Champú hidratante intenso profesional Imaqe de Dia botella 750 ml;1,99;(0,27 €/100 ML.)
Recambio champú hidratante intenso profesional Imaqe de Dia bolsa 750 ml;1,79;(0,24 €/100 ML.)
Champú anticaspa dos en uno clásico H&s botella 250 ml;3,49;(1,40 €/100 ML.)
Champú hidra con ácido hialurónico Elvive botella 300 ml;3,55;(1,18 €/100 ML.)
Champú anticaspa prevención de la caída H&s botella 250 ml;3,49;(1,40 €/100 ML.)
Champú purificante con ácido hialurónico Elvive botella 300 ml;3,55;(1,18 €/100 ML.)
Champú protector del color cabello teñido Elvive botella 300 ml;3,55;(1,18 €/100 ML.)
Champú hidra rizos Fructis botella 300 ml;3,99;(1,33 €/100 ML.)
Champú y acondicionador anticaspa 2 en 1 Imaqe de Dia botella 500 ml;2,75;(0,55 €/100 ML.)
Champú con aceite de árbol de té Planeta Junior de Dia bote 250 ml;1,99;(0,80 €/100 ML.)
Champú anticaspa citrus fresh cabello graso H&s botella 250 ml;3,49;(1,40 €/100 ML.)
Champú reconstructor cabello largo Elvive botella 300 ml;3,55;(1,18 €/100 ML.)
Champú reparador coco Fruit Revolution Imaqe de Dia botella 400 ml;2,49;(0,62 €/100 ML.)
Champú repara y protege cabello dañado Pantene botella 325 ml;3,99;(1,23 €/100 ML.)
Champú con keratina fortificante Flex botella 650 ml;3,35;(0,52 €/100 ML.)
Champú repara y protege cabello dañado Pantene pack 2 x 325 ml;7,49;(1,15 €/100 ML.)
Champú aloe vera uso diario Vitarelle botella 400 ml;2,90;(0,73 €/100 ML.)
Champú lemon grass cabello graso Vitarelle botella 400 ml;2,90;(0,73 €/100 ML.)
Champú anticaspa classic H&s botella 250 ml;3,49;(1,40 €/100 ML.)
Champú anticaspa menthol fresh H&s botella 250 ml;3,49;(1,40 €/100 ML.)
Champú rizos Pantene botella 325 ml;3,99;(1,23 €/100 ML.)
Champú anticaspa cítricos Imaqe de Dia botella 500 ml;2,75;(0,55 €/100 ML.)
Champú y acondicionador dos en uno delicado cabello normal Timotei botella 400 ml;3,95;(0,99 €/100 ML.)
Champú hidratación intensa cabello seco Tresemmé botella 685 ml;5,69;(0,83 €/100 ML.)
Champú repara & regenera Schwarzkopf botella 400 ml;2,69;(0,67 €/100 ML.)
Champú en seco blush Batiste bote 200 ml;3,49;(1,75 €/100 ML.)
Champú reparador cabello muy dañado Elvive botella 300 ml;3,55;(1,18 €/100 ML.)
Champú anticaspa mentol Imaqe de Dia botella 500 ml;2,75;(0,55 €/100 ML.)
Champú tesoros de miel Original Remedies botella 250 ml;2,99;(1,20 €/100 ML.)
Champú anticaspa con aloe vera Schwarzkopf bote 400 ml;2,69;(0,67 €/100 ML.)
Champú cuidado clásico Pantene botella 325 ml;3,99;(1,23 €/100 ML.)
Champú fortificante con extracto cebolla Imaqe de Dia botella 380 ml;2,95;(0,78 €/100 ML.)
Champú ultra hidratante Imaqe de Dia botella 380 ml;3,60;(0,95 €/100 ML.)
Champú con keratina para cabello normal Flex botella 650 ml;3,35;(0,52 €/100 ML.)
Champú anticaspa y acondicionador dos en uno H&s botella 625 ml;8,49;(1,36 €/100 ML.)
Champú pelo dañado miel natural Imaqe de Dia botella 250 ml;1,99;(0,80 €/100 ML.)
Champú hair food banana cabello seco Fructis botella 350 ml;5,49;(1,57 €/100 ML.)
Mascarilla para pelo rizado Método Curly Imaqe de Dia frasco 300 ml;3,99;(1,33 €/100 ML.)
Acondicionador capilar Noname botella 750 ml;1,20;(0,16 €/100 ML.)
Mascarilla hidra ácido hialurónico Elvive frasco 310 ml;4,50;(1,45 €/100 ML.)
Mascarilla hidratante de plátano Fruit Revolution Imaqe de Dia frasco 300 ml;2,89;(0,96 €/100 ML.)
Crema suavizante repair 5 cabello dañado Elvive bote 250 ml;3,29;(1,32 €/100 ML.)
Mascarilla reparadora para pelo natural con miel Imaqe de Dia bote 300 ml;2,95;(0,98 €/100 ML.)
Crema capilar nutri rizos sin aclarado Fructis bote 400 ml;5,49;(1,37 €/100 ML.)
Mascarilla hidra rizos cabello rizo u ondulado Fructis frasco 320 ml;5,15;(1,61 €/100 ML.)
Mascarilla cebolla y biotina Anian bote 350 ml;3,30;(0,94 €/100 ML.)
Mascarilla repara y protege cabello dañado Pantene frasco 300 ml;4,75;(1,58 €/100 ML.)
Crema suavizante con keratina cabello seco o dañado Flex botella 650 ml;3,45;(0,53 €/100 ML.)
Mascarilla repara y protege con oliva Imaqe de Dia bote 300 ml;2,95;(0,98 €/100 ML.)
Acondicionador bifásico instantáneo hidratación Anian spray 250 ml;2,50;(1,00 €/100 ML.)
Mascarilla capilar dream long Elvive bote 300 ml;4,50;(1,50 €/100 ML.)
Crema suavizante color vive cabello teñido Elvive bote 250 ml;3,45;(1,38 €/100 ML.)
Aceite extraordinario Elvive bote 100 ml;9,99;(9,99 €/100 ML.)
Mascarilla tesoros de miel Original Remedies frasco 300 ml;4,99;(1,66 €/100 ML.)
Acondicionador capilar hidratación intensa Tresemmé botella 685 ml;5,69;(0,83 €/100 ML.)
Desenredante bifásico con aceite de árbol de té Planeta Junior de Dia spray 250 ml;1,70;(0,68 €/100 ML.)
Acondicionador intensivo repara y protege Pantene tubo 220 ml;4,99;(2,27 €/100 ML.)
Mascarilla reparadora Imaqe de Dia tubo 200 ml;3,50;(1,75 €/100 ML.)
Ampollas rescate 1 min tratamiento intensivo Pantene caja 3 unidades;4,45;(1,48 €/UNIDAD)
Acondicionador adiós frizz miracles Pantene tubo 160 ml;3,99;(2,49 €/100 ML.)
Aceite oliva en crema sin aclarado cabello Original Remedies bote 200 ml;3,85;(1,93 €/100 ML.)
Mascarilla capilar color vive Elvive frasco 310 ml;4,50;(1,45 €/100 ML.)
Sérum reparador tecnología plex Imaqe de Dia botella 150 ml;4,00;(2,67 €/100 ML.)
Mascarilla capilar total repair Elvive frasco 310 ml;4,50;(1,45 €/100 ML.)
Aceite en crema para pelo dañado miel natural Imaqe de Dia bote 200 ml;2,20;(1,10 €/100 ML.)
Polvo texturizante y volumen Got2b frasco 10 g;5,99;(59,90 €/100 GR.)
Mascarilla suave y liso anti encrespamiento Pantene frasco 300 ml;4,75;(1,58 €/100 ML.)
Acondicionador tesoros de miel Original Remedies bote 250 ml;3,59;(1,44 €/100 ML.)
Mascarilla adiós daños repara y fortifica Fructis frasco 320 ml;5,15;(1,61 €/100 ML.)
Mascarilla reconstructora rizos definidos Pantene frasco 300 ml;4,75;(1,58 €/100 ML.)
Mascarilla repara y protege cabello dañado pack Pantene frasco 600 ml;8,49;(1,42 €/100 ML.)
(1,66 €/100 ML.);Mascarilla aceite de argán Ogx frasco 300 ml;8,99 €
(3,00 €/100 ML.);Crema sin aclarado magic flash Revlon spray 200 ml;4,49 €
(2,25 €/100 ML.);Crema sin aclarado instant frizz control Pantene frasco 70 ml;7,99 €
(11,41 €/100 ML.);Mascarilla repara y revitaliza Anian bote 350 ml;3,30 €
(0,94 €/100 ML.);Mascarilla capilar repara y protege Tulipán Negro bote 400 ml;4,90 €
Crema activadora de rizos Método Curly Imaqe de Dia botella 200 ml;2,99;(1,50 €/100 ML.)
Espuma rizos definidos Pantene spray 200 ml;3,79;(1,90 €/100 ML.)
Espuma hidra rizos Fructis spray 300 ml;3,49;(1,16 €/100 ML.)
Espuma fijadora rizos perfectos Imaqe de Dia spray 300 ml;2,30;(0,77 €/100 ML.)
Gomina efecto mojado Imaqe de Dia tubo 200 ml;1,85;(0,93 €/100 ML.)
Protector térmico Nelly spray 200 ml;3,60;(1,80 €/100 ML.)
Laca fijación fuerte Nelly spray 600 ml;3,55;(0,59 €/100 ML.)
Laca fijación ultra fuerte Pantene spray 250 ml;3,99;(1,60 €/100 ML.)
Cera fijadora para pelo efecto brillo Imaqe de Dia bote 100 ml;3,10;(3,10 €/100 ML.)
Cera fijadora para pelo acabado mate Imaqe de Dia bote 100 ml;3,10;(3,10 €/100 ML.)
Laca fijación fuerte Elnett spray 200 ml;4,79;(2,40 €/100 ML.)
Espuma rizo marcado Giorgi line spray 250 ml;2,89;(1,16 €/100 ML.)
(1,60 €/100 ML.);Espuma perfect volume Pantene spray 200 ml;3,79 €
(1,90 €/100 ML.);Gel fijación control total Giorgi line tubo 170 ml;2,89 €
(1,70 €/100 ML.);(0,73/100 ML.);Laca fijación normal cabello seco/normal Fixpray spray 400 ml
3,85 €;(0,96/100 ML.);Laca fijación extrafuerte todo tipo de cabello Fixpray spray 400 ml
3,85 €;(0,96/100 ML.);Laca clásica Nelly spray 600 ml
3,55 €;(0,59/100 ML.);Gel fijador perfect fix 24 hrs extrafuerte Giorgi line tubo 170 ml
2,89 €;(1,70/100 ML.);(2,48 €/100 ML.)
Tinte rubio oscuro nº6 Color sensation caja 1 unidad;3,99;(3,99 €/UNIDAD)
Tinte castaño claro nº5 Nutrisse caja 1 unidad;6,69;(6,69 €/UNIDAD)
Tinte rubio extra claro nº110 Color sensation caja 1 unidad;3,99;(3,99 €/UNIDAD)
Tinte ultra negro nº1 Color sensation caja 1 unidad;3,99;(3,99 €/UNIDAD)
Tinte pelo permanente color negro nº 1.0 Imaqe de Dia caja 1 unidad;3,85;(3,85 €/UNIDAD)
Tinte rubio oscuro nº6.10 Nutrisse caja 1 unidad;6,69;(6,69 €/UNIDAD)
Tinte castaño claro nº5 Palette Intensive caja 1 unidad;4,69;(4,69 €/UNIDAD)
Tinte retoca raíces tono marrón L'Oréal Magic retouch bote 75 ml;6,25;(8,33 €/100 ML.)
Tinte rubio claro nº8 Nutrisse caja 1 unidad;6,69;(6,69 €/UNIDAD)
Tinte pelo permanente color silver nº 0.12 Imaqe de Dia caja 1 unidad;3,85;(3,85 €/UNIDAD)
Tinte rojo intenso nº5-92 Syoss caja 1 unidad;5,99;(5,99 €/UNIDAD)
Tinte rubio nº7 Color sensation caja 1 unidad;3,99;(3,99 €/UNIDAD)
Tinte chocolate nº4.15 Color sensation caja 1 unidad;3,99;(3,99 €/UNIDAD)
Tinte pelo permanente color rubio oscuro rojizo nº 6.6 Imaqe de Dia caja 1 unidad;3,85;(3,85 €/UNIDAD)
Tinte rubio claro ceniza nº8.1 Palette caja 1 unidad;4,69;(4,69 €/UNIDAD)
Tinte pelo permanente color castaño oscuro nº 3.0 Imaqe de Dia caja 1 unidad;3,85;(3,85 €/UNIDAD)
Tinte castaño oscuro nº3.65 Palette caja 1 unidad;4,69;(4,69 €/UNIDAD)
Tinte pelo permanente color rubio medio nº 7.0 Imaqe de Dia caja 1 unidad;3,85;(3,85 €/UNIDAD)
Tinte rubio claro nº8 Color sensation caja 1 unidad;3,99;(3,99 €/UNIDAD)
Tinte rubio nº7 Nutrisse caja 1 unidad;6,69;(6,69 €/UNIDAD)
Tinte rubio caramelo nº6.35 Color sensation caja 1 unidad;3,99;(3,99 €/UNIDAD)
Tinte castaño oscuro nº3 Nutrisse caja 1 unidad;6,69;(6,69 €/UNIDAD)
Tinte negro azulado nº1.1 Palette caja 1 unidad;4,69;(4,69 €/UNIDAD)
Tinte castaño caramelo nº5.6 Palette caja 1 unidad;4,69;(4,69 €/UNIDAD)
Tinte rubio dorado caramelo nº7.5 Palette caja 1 unidad;4,69;(4,69 €/UNIDAD)
Tinte castaño nº4 Nutrisse caja 1 unidad;6,69;(6,69 €/UNIDAD)
Tinte retoca raíces tono negro L'Oréal Magic retouch spray 75 ml;6,25;(8,33 €/100 ML.)
Tinte negro nº1 Nutrisse caja 1 unidad;6,69;(6,69 €/UNIDAD)
Tinte violín nº4,99 Palette caja 1 unidad;4,69;(4,69 €/UNIDAD)
Tinte chocolate nº5.35 Nutrisse caja 1 unidad;6,69;(6,69 €/UNIDAD)
Tinte intensive age color 7.1 rubio ceniza Palette caja 1 unidad;5,49;(5,49 €/UNIDAD)
Tinte rojo intenso nº6.60 Color sensation caja 1 unidad;3,99;(3,99 €/UNIDAD)
Tinte castaño chocolate nº 3.65 Palette caja 1 unidad;4,69;(4,69 €/UNIDAD)
Tinte rubio oscuro nº6 Palette caja 1 unidad;4,69;(4,69 €/UNIDAD)
Tinte rubio dorado nº7.3 Nutrisse caja 1 unidad;6,69;(6,69 €/UNIDAD)
Tinte rubio muy claro nº10 Palette caja 1 unidad;4,69;(4,69 €/UNIDAD)
Tinte pelo permanente color rubio claro dorado nº 8.34 Imaqe de Dia caja 1 unidad;3,85;(3,85 €/UNIDAD)
Tinte pelo permanente color rubio oscuro nº 6.0 Imaqe de Dia caja 1 unidad;3,85;(3,85 €/UNIDAD)
Tinte intensive age color 9.0 rubio claro Palette caja 1 unidad;5,49;(5,49 €/UNIDAD)
Tinte intensive age color 10.1 rubio muy claro ceniza Palette caja 1 unidad;5,49;(5,49 €/UNIDAD)
Agua micelar con extracto de pétalos de rosa Imaqe de Dia bote 250 ml;1,99;(0,80 €/100 ML.)
Toallitas desmaquillantes para pieles sensibles con extractos de rosas Imaqe de Dia bolsa 30 unidades;1,29;(0,04 €/UNIDAD)
Gel limpiador facial refrescante aloe vera y hamamelis Imaqe de Dia bote 250 ml;2,60;(1,04 €/100 ML.)
Crema facial natural vitamina C ecocert Imaqe de Dia frasco 50 ml;4,95;(9,90 €/100 ML.)
Sérum facial natural vitamina C ecocert Imaqe de Dia bote 30 ml;5,90;(19,67 €/100 ML.)
Toallitas desmaquillantes micelar con aloe vera Imaqe de Dia bolsa 30 unidades;1,15;(0,04 €/UNIDAD)
Exfoliante facial con ácido salicílico y aloe vera Imaqe de Dia tubo 100 ml;3,50;(3,50 €/100 ML.)
Desmaquillante de ojos waterproof Imaqe de Dia bote 125 ml;1,67;(1,34 €/100 ML.)
Agua micelar todo en uno para todo tipo de piel Garnier bote 400 ml;5,49;(1,37 €/100 ML.)
Crema antiedad de día con ácido hialurónico y péptidos Imaqe de Dia frasco 50 ml;5,99;(11,98 €/100 ML.)
Espuma limpiadora facial aloe vera y agua de hamamelis Imaqe de Dia bote 150 ml;2,89;(1,93 €/100 ML.)
Bálsamo labial reparador natural con ácido hialurónico y manteca de karité ecocert Imaqe de Dia caja 15 ml;2,85;(19,00 €/100 ML.)
Contorno de ojos pro-collagen Imaqe de Dia caja 15 ml;5,00;(33,33 €/100 ML.)
Crema tres en uno purificante exfoliante y matificante Garnier tubo 150 ml;5,99;(3,99 €/100 ML.)
Agua micelar en aceite Garnier bote 400 ml;5,49;(1,37 €/100 ML.)
Toallitas desmaquillantes antiedad con coenzima Imaqe de Dia bolsa 25 unidades;1,19;(0,05 €/UNIDAD)
Tónico facial calmante aloe vera y agua de hamamelis Imaqe de Dia bote 250 ml;1,55;(0,62 €/100 ML.)
Bruma facial natural calmante antipolución & detox Imaqe de Dia spray 100 ml;3,20;(3,20 €/100 ML.)
Limpiador facial sólido exfoliante con hueso de albaricoque Imaqe de Dia caja 50 g;2,99;(5,98 €/100 GR.)
Crema intensiva de día antiarrugas L'Oréal frasco 50 ml;6,95;(13,90 €/100 ML.)
Sérum antimanchas con vitamina c Garnier bote 30 ml;13,95;(46,50 €/100 ML.)
Mascarilla suave antiarrugas Nivea sobre 15 ml;1,99;(13,27 €/100 ML.)
Desmaquillador ojos Garnier bote 125 ml;4,49;(3,59 €/100 ML.)
Leche desmaquillante calmante pétalos de rosa Imaqe de Dia bote 250 ml;1,55;(0,62 €/100 ML.)
Desmaquillante sublime camomila Flor de mayo bote 80 g;6,99;(8,74 €/100 GR.)
Crema facial noche con ácido hialurónico y péptidos Imaqe de Dia frasco 50 ml;5,99;(11,98 €/100 ML.)
Crema de día antiarrugas spf 15 Nivea frasco 50 ml;9,49;(18,98 €/100 ML.)
Crema facial de noche natural antipolución & detox ecocert Imaqe de Dia frasco 50 ml;5,90;(11,80 €/100 ML.)
Mascarilla facial de arcilla con carbón activo Imaqe de Dia tubo 100 ml;3,50;(3,50 €/100 ML.)
Clásica hidratante diario tono medio Garnier tubo 50 ml;9,99;(19,98 €/100 ML.)
Skinsactive mascarilla black tissue efecto detox Garnier sobre 1 unidad;2,99;(2,99 €/UNIDAD)
Gel limpiador facial diario antiespinillas Clean & Clear tubo 150 ml;8,89;(5,93 €/100 ML.)
Agua micelar piel normal Nivea bote 400 ml;4,79;(1,20 €/100 ML.)
Active mascarilla facial hydra bomb Garnier sobre 1 unidad;2,99;(2,99 €/UNIDAD)
Mascarilla facial rosa mosqueta tissue Iroha sobre 1 unidad;2,40;(2,40 €/UNIDAD)
Crema facial de noche antiedad intensiva Nivea Cellular frasco 50 ml;14,99;(29,98 €/100 ML.)
Sérum facial natural antipolución & detox Imaqe de Dia bote 30 ml;5,90;(19,67 €/100 ML.)
Crema hidratante antiarrugas 35+ L'Oréal frasco 50 ml;6,95;(13,90 €/100 ML.)
Crema de día hidratante nutritiva piel seca/sensible Diadermine frasco 50 ml;10,49;(20,98 €/100 ML.)
Crema antiarrugas contorno de ojos Q10 Nivea caja 15 ml;9,99;(66,60 €/100 ML.)
Quitaesmalte con acetona Imaqe de Dia botella 200 ml;1,15;(0,58 €/100 ML.)
Quitaesmalte con acetona pura Imaqe de Dia botella 200 ml;1,70;(0,85 €/100 ML.)
Quitaesmalte extrahidratante Cutex botella 200 ml;3,29;(1,65 €/100 ML.)
Quitaesmalte sin acetona Imaqe de Dia botella 200 ml;1,30;(0,65 €/100 ML.)
Quitaesmalte ultra efectivo Cutex botella 200 ml;3,29;(1,65 €/100 ML.)
Maquinilla de afeitar 2 hojas Imaqe de Dia bolsa 20 unidades;2,65;(0,13 €/UNIDAD)
Gel de afeitar Imaqe de Dia bote 200 ml;1,95;(0,98 €/100 ML.)
Maquinilla de afeitar 3 hojas Imaqe de Dia bolsa 4 unidades;2,55;(0,64 €/UNIDAD)
Maquinilla de afeitar 2 hojas Imaqe de Dia bolsa 10 unidades;2,15;(0,22 €/UNIDAD)
Maquinilla de afeitar desechable Gillette blister 4 unidades;5,79;(1,45 €/UNIDAD)
Espuma de afeitar pieles sensibles La toja spray 300 ml;2,99;(1,00 €/100 ML.)
Gel de afeitar clásico piel sensible Gillette spray 200 ml;3,29;(1,65 €/100 ML.)
Espuma de afeitar Imaqe de Dia bote 250 ml;1,95;(0,78 €/100 ML.)
Maquinilla de afeitar desechable Gillette Blue II bolsa 12 unidades;5,99;(0,50 €/UNIDAD)
Maquinilla desechable Wilkinson blister 6 unidades;5,95;(0,99 €/UNIDAD)
Maquinilla de afeitar Gillette Labs 1 unidad + estuche de viaje;19,99;(19,99 €/UNIDAD)
Espuma de afeitar clásica Gillette spray 200 ml;2,99;(1,50 €/100 ML.)
Maquinilla de afeitar recargable 5 hojas Imaqe de Dia caja 1 unidad;5,70;(5,70 €/UNIDAD)
Recambios maquinilla de afeitar 5 hojas Imaqe de Dia caja 4 unidades;5,55;(1,39 €/UNIDAD)
Maquinilla de afeitar recambio Gillette Proglide Fusion blister 3 unidades;16,99;(5,66 €/UNIDAD)
Recambios hojas de afeitar 2 filos Imaqe de Dia blister 10 unidades;1,79;(0,18 €/UNIDAD)
Bálsamo after shave Imaqe de Dia frasco 100 ml;1,60;(1,60 €/100 ML.)
Maquinilla de afeitar + 2 recambios Gillette Mach3 caja 1 unidad;10,99;(10,99 €/UNIDAD)
Bálsamo after shave Nivea frasco 100 ml;5,95;(5,95 €/100 ML.)
Loción after shave Imaqe de Dia frasco 100 ml;1,95;(1,95 €/100 ML.)
Maquinilla desechable xtreme sensitive Wilkinson bolsa 4 + 2 unidades;3,99;(0,67 €/UNIDAD)
Maquinilla de afeitar recambio Gillette Labs blíster 3 unidades;18,99;(6,33 €/UNIDAD)
Maquinilla de afeitar Gillette Proglide Fusion blister 1 unidad;13,99;(13,99 €/UNIDAD)
Maquinilla desechable Wilkinson bolsa 15 unidades;6,79;(0,45 €/UNIDAD)
Maquinilla depilación dos hojas Imaqe de Dia bolsa 10 unidades;1,80;(0,18 €/UNIDAD)
Cera depilatoria caliente Imaqe de Dia bote 100 g;2,65;(2,65 €/100 GR.)
Banda depilatoria facial aloe vera Imaqe de Dia frasco 16 unidades;1,10;(0,07 €/UNIDAD)
Maquinilla depilación 3 hojas Imaqe de Dia bolsa 4 unidades;2,60;(0,65 €/UNIDAD)
Crema depilatoria aloe vera Imaqe de Dia bote 200 ml;3,19;(1,60 €/100 ML.)
Maquinilla desechable mujer Gillette Blue II blister 5 unidades;2,99;(0,60 €/UNIDAD)
Bandas de cera depilatoria corporal aloe vera Imaqe de Dia estuche 20 unidades;1,40;(0,07 €/UNIDAD)
Maquinilla confortglide spa breeze recambio Gillette Venus blister 4 unidades;14,99;(3,75 €/UNIDAD)
Gel crema depilatorio corporal piel sensible Veet tubo 200 ml;4,99;(2,50 €/100 ML.)
Bandas de cera depilatoria facial Veet caja 20 unidades;4,99;(0,25 €/UNIDAD)
Crema gel depilatoria hidratante Body Natur tubo 200 ml;3,45;(1,73 €/100 ML.)
Maquinilla confortglide spa breeze Gillette Venus blister 1 unidad;7,99;(7,99 €/UNIDAD)
Maquinilla desechable mujer Wilkinson blister 7 unidades;3,55;(0,51 €/UNIDAD)
Crema depilatoria piel sensible Veet tubo 200 ml;4,99;(2,50 €/100 ML.)
Recambio maquinilla de depilación 5 hojas Imaqe de Dia caja 2 unidades;4,90;(2,45 €/UNIDAD)
Maquinilla depilación recargable 5 hojas Imaqe de Dia caja 1 unidad;4,85;(4,85 €/UNIDAD)
Bandas de cera depilatoria corporal Veet caja 20 unidades;5,49;(0,27 €/UNIDAD)
Crema depilatoria áreas sensibles + bálsamo post-depilación Veet Men caja 150 ml;6,49;(4,33 €/100 ML.)
Maquinilla desechable mujer Wilkinson blister 8 unidades;7,39;(0,92 €/UNIDAD)
Banda cera fría facial piel normal Veet caja 16 unidades;4,99;(0,31 €/UNIDAD)
Maquinilla depilación 5 hojas formato viaje Imaqe de Dia caja 1 unidad;4,90;(4,90 €/UNIDAD)
Maquinilla desechable mujer Wilkinson blister 4 unidades;4,25;(1,06 €/UNIDAD)
Agua de colonia familiar fresh Imaqe de Dia botella 750 ml;1,95;(0,26 €/100 ML.)
Colonia exotic vanilla Imaqe de Dia frasco 98 ml;3,99;(4,07 €/100 ML.)
Colonia caramelo mini Flor de mayo frasco 25 ml;1,70;(6,80 €/100 ML.)
Body mist coconut Imaqe de Dia spray 200 ml;3,50;(1,75 €/100 ML.)
Agua de colonia familiar lavanda Imaqe de Dia botella 750 ml;1,95;(0,26 €/100 ML.)
Agua de colonia fragancia original Nenuco botella 650 ml;3,99;(0,61 €/100 ML.)
Agua fresca de flor de naranjo Álvarez Gómez spray 300 ml;2,95;(0,98 €/100 ML.)
Colonia oriental flower Imaqe de Dia frasco 98 ml;3,99;(4,07 €/100 ML.)
Colonia poseidon gold for men Poseidon frasco 150 ml;11,95;(7,97 €/100 ML.)
Colonia rosé Aire de Sevilla frasco 150 ml;11,95;(7,97 €/100 ML.)
Agua de colonia gotas frescas Instituto Español spray 250 ml;4,95;(1,98 €/100 ML.)
Colonia muy mío Bustamante frasco 100 ml;7,99;(7,99 €/100 ML.)
Agua de colonia clásica fresh S3 botella 750 ml;3,45;(0,46 €/100 ML.)
Body mist berries Flor de mayo spray 200 ml;2,50;(1,25 €/100 ML.)
Colonia jazz aromatic Melody frasco 100 ml;3,99;(3,99 €/100 ML.)
Colonia agua fresca de azahar Aire de Sevilla frasco 150 ml;10,90;(7,27 €/100 ML.)
Agua de colonia original Heno de Pravia botella 780 ml;4,19;(0,54 €/100 ML.)
Agua de colonia Spiderman frasco 30 ml;4,20;(14,00 €/100 ML.)
Agua de colonia gotas frescas Instituto Español botella 750 ml;7,95;(1,06 €/100 ML.)
Colonia sweet explos Ice cream frasco 30 ml;3,25;(10,83 €/100 ML.)
Mini perfume hombre Blue Flor de mayo frasco 23 ml;1,70;(7,39 €/100 ML.)
Agua de colonia glicerina y té blanco Heno de Pravia botella 780 ml;4,65;(0,60 €/100 ML.)
Body mist verbena flower Imaqe de Dia spray 200 ml;3,50;(1,75 €/100 ML.)
Perfume hypnotique Imaqe de Dia frasco 100 ml;6,99;(6,99 €/100 ML.)
Colonia de coco Fruits attraction frasco 100 ml;4,75;(4,75 €/100 ML.)
Perfume para hombre l'esprit de victoire Imaqe de Dia frasco 100 ml;6,99;(6,99 €/100 ML.)
Body mist sicilian lemon Imaqe de Dia spray 200 ml;3,50;(1,75 €/100 ML.)
Colonia shiny rainbo Ice cream frasco 30 ml;3,25;(10,83 €/100 ML.)
Colonia bergamota Arome de fleur frasco 150 ml;5,95;(3,97 €/100 ML.)
Colonia matcha is a mood The Seven Cosmetics frasco 100 ml;7,95;(7,95 €/100 ML.)
Colonia sonata dulce Melody frasco 100 ml;3,99;(3,99 €/100 ML.)
Body mist rose petals Imaqe de Dia spray 200 ml;3,50;(1,75 €/100 ML.)
Agua de colonia original 1953 Tulipán Negro botella 800 ml;3,69;(0,46 €/100 ML.)
Body mist summer bouquet Imaqe de Dia spray 200 ml;3,50;(1,75 €/100 ML.)
Loción corporal passionate romance shimmer Flor de mayo spray 195 ml;2,99;(1,53 €/100 ML.)
Colonia kombucha is a party The Seven Cosmetics frasco 100 ml;7,95;(7,95 €/100 ML.)
Colonia chai is a brake The Seven Cosmetics frasco 100 ml;7,95;(7,95 €/100 ML.)
Set de colonia wow Flor de mayo frasco 28 ml;3,50;(12,50 €/100 ML.)
Agua de colonia Frozen frasco 30 ml;4,20;(14,00 €/100 ML.)
Colonia verbena Arome de fleur frasco 150 ml;5,95;(3,97 €/100 ML.)
Jabón de manos de aloe vera Imaqe de Dia bote 500 ml;0,99;(0,20 €/100 ML.)
Recambio jabón de manos de aloe vera Imaqe de Dia bolsa 500 ml;0,79;(0,16 €/100 ML.)
(0,26 €/100 ML.);Recambio jabón de manos almendra y miel Imaqe de Dia bolsa 500 ml;0,95 €
(0,19 €/100 ML.);Jabón de manos con glicerina Imaqe de Dia bote 500 ml;1,35 €
(0,27 €/100 ML.);Jabón de manos líquido infantil Planeta Junior de Dia bote 500 ml;1,30 €
(0,26 €/100 ML.);Jabón de manos de almendra y miel Imaqe de Dia bote 500 ml;1,30 €
(0,26 €/100 ML.);Jabón de manos con rosa y jazmín Imaqe de Dia bote 500 ml;1,35 €
(0,27 €/100 ML.);Jabón de manos neutraliza olores Imaqe de Dia bote 500 ml;1,55 €
(0,31 €/100 ML.);Jabón de manos almendra y leche Palmolive 3 x 90 g;2,29 €
(0,85 €/100 GR.);Jabón de manos Tradición Imaqe de Dia bote 500 ml;1,30 €
(0,26 €/100 ML.);Jabón de manos Dove 2 x 90 g;1,99 €
(1,11 €/100 GR.);Jabón de manos aromaterapia lavanda Imaqe de Dia bote 240 ml;1,90 €
(0,79 €/100 ML.);Jabón de manos avena Imaqe de Dia 100 g;1,00 €
(1,00 €/100 GR.);Jabón de manos líquido para niños Johnson bote 300 ml;1,99 €
(0,66 €/100 ML.);Jabón de manos líquido Sanex Dermo bote 250 ml;2,39 €
(0,96 €/100 ML.);Jabón de manos líquido leche y miel Palmolive bote 300 ml;2,39 €
(0,80 €/100 ML.);Jabón de manos líquido elimina olores cocina Palmolive bote 300 ml;2,39 €
(0,80 €/100 ML.);Jabón de manos líquido hidratante Sanytol bote 250 ml;2,19 €
(0,88 €/100 ML.);Jabón de manos líquido con almendras Palmolive bote 300 ml;2,39 €
(0,80 €/100 ML.);Jabón de manos clásico Magno 2 x 100 g;2,49 €
Aceite solar tacto seco con acelerador spf 15 Imaqe de Dia bote 250 ml;4,89;(1,38 €/100 ML.)
Leche solar protege & hidrata spf 30 Nivea bote 200 ml;12,99;(6,50 €/100 ML.)
Bruma solar protege & refresca spf 50 Nivea spray 200 ml;15,49;(7,75 €/100 ML.)
Protector solar protege & broncea spf 30 Nivea spray 270 ml;14,99;(5,55 €/100 ML.)
Aceite solar protector dorado sublime spf 20 Delial botella 150 ml;11,99;(7,99 €/100 ML.)
Aftersun loción hidratante Nivea botella 400 ml;10,99;(2,75 €/100 ML.)
Protegeslips clásico Esos Dias caja 40 unidades;0,99;(0,02 €/UNIDAD)
Compresas ultrafinas normal con alas Esos Dias bolsa 16 unidades;1,49;(0,09 €/UNIDAD)
Compresas ultrafina noche con alas Esos Dias bolsa 10 unidades;1,59;(0,16 €/UNIDAD)
Compresas ultrafinas super con alas Esos Dias bolsa 14 unidades;1,49;(0,11 €/UNIDAD)
Protegeslips maxi Esos Dias caja 36 unidades;1,89;(0,05 €/UNIDAD)
Compresas super con alas Ausonia bolsa 12 unidades;2,09;(0,17 €/UNIDAD)
Compresas normal con alas Evax bolsa 16 unidades;2,83;(0,18 €/UNIDAD)
Toallitas íntimas con aloe vera Imaqe de Dia bolsa 20 unidades;1,10;(0,06 €/UNIDAD)
Compresas clásicas normal sin alas Esos Dias bolsa 20 unidades;0,85;(0,04 €/UNIDAD)
Tampón super Tampax caja 20 unidades;4,39;(0,22 €/UNIDAD)
Compresas de incontinencia maxi Que nada pare tu Dia bolsa 12 unidades;3,15;(0,26 €/UNIDAD)
Compresas noche con alas más larga Ausonia bolsa 9 unidades;2,09;(0,23 €/UNIDAD)
Protegeslips normal fragancia fresca Carefree caja 44 unidades;2,29;(0,05 €/UNIDAD)
Protegeslips normal Evax 50 unidades;2,79;(0,06 €/UNIDAD)
Tampón regular Tampax caja 22 unidades;4,39;(0,20 €/UNIDAD)
Protegeslips flexiform Carefree caja 30 unidades;2,05;(0,07 €/UNIDAD)
Protegeslips maxi plus Evax caja 30 unidades;3,49;(0,12 €/UNIDAD)
Tampón con aplicador compact súper Esos Dias caja 32 unidades;3,25;(0,10 €/UNIDAD)
Protegeslips cotton-algodón maxi Esos Dias caja 28 unidades;1,85;(0,07 €/UNIDAD)
Compresas incontinencia mini Ausonia bolsa 24 unidades;5,49;(0,23 €/UNIDAD)
Protegeslips normal Esos Dias caja 50 unidades;1,79;(0,04 €/UNIDAD)
Compresas ultrafina normal sin alas Esos Dias bolsa 16 unidades;1,49;(0,09 €/UNIDAD)
Compresas clásicas noche sin alas Esos Dias bolsa 10 unidades;1,79;(0,18 €/UNIDAD)
Protegeslips maxi Evax caja 36 unidades;3,09;(0,09 €/UNIDAD)
Protector cubrecamas 60 x 90 cm Botikit de Dia bolsa 16 unidades;6,80;(0,43 €/UNIDAD)
Protegeslips cotton-algodón normal Esos Dias caja 28 unidades;1,85;(0,07 €/UNIDAD)
Compresas super con alas Evax Liberty bolsa 10 unidades;3,39;(0,34 €/UNIDAD)
Compresas normal con alas Evax bolsa 12 unidades;3,39;(0,28 €/UNIDAD)
Compresas de incontinencia normal Que nada pare tu Dia bolsa 16 unidades;3,05;(0,19 €/UNIDAD)
Tampones super plus compak Tampax caja 18 unidades;4,39;(0,24 €/UNIDAD)
Protegeslips plus long fresh Carefree caja 40 unidades;3,29;(0,08 €/UNIDAD)
Compresas incontinencia normal Ausonia Discreet bolsa 14 unidades;5,49;(0,39 €/UNIDAD)
Compresas noche super plus Ausonia bolsa 9 unidades;2,39;(0,27 €/UNIDAD)
Protegeslips normal plegado Esos Dias bolsa 30 unidades;1,65;(0,06 €/UNIDAD)
Tampón digital super o.b. caja 32 unidades;6,29;(0,20 €/UNIDAD)
Tampón super Tampax caja 24 unidades;5,09;(0,21 €/UNIDAD)
Tampones super plus pearl Tampax caja 24 unidades;5,09;(0,21 €/UNIDAD)
Compresa incontinencia extra Que nada pare tu Dia bolsa 14 unidades;3,99;(0,29 €/UNIDAD)
Protegeslips maxi Carefree caja 48 unidades;3,09;(0,06 €/UNIDAD)
Protegeslips normal Carefree caja 56 unidades;2,89;(0,05 €/UNIDAD)
Melatonina Vivisima+ caja 40 unidades;3,99;(0,10 €/UNIDAD)
Colágeno Vivisima+ caja 50 unidades;3,99;(0,08 €/UNIDAD)
Gominolas de melatonina Vitaldin frasco 35 unidades;6,25;(0,18 €/UNIDAD)
Carnitina + magnesio Vivisima+ caja 40 unidades;3,59;(0,09 €/UNIDAD)
Batido proteico sabor cookie cream Just loading botella 225 ml;1,59;(7,07 €/LITRO)
Colágeno hidrolizado y magnesio Vivisima+ lata 250 g;4,79;(19,16 €/KILO)
Levadura de cerveza Vivisima+ caja 50 unidades;3,89;(0,08 €/UNIDAD)
Valeriana Vivisima+ caja 50 unidades;3,95;(0,08 €/UNIDAD)
Batido proteico de chocolate Just loading botella 225 ml;1,59;(7,07 €/LITRO)
Jalea real Vivisima+ caja 12 unidades;4,79;(0,40 €/UNIDAD)
Gominolas energy Vitaldin frasco 36 unidades;6,25;(0,17 €/UNIDAD)
Batido sustitutivo de chocolate Bicentury caja 5 unidades;7,75;(1,55 €/UNIDAD)
Barrita de proteínas de coco y chocolate Just loading bolsa 27 g;1,00;(37,04 €/KILO)
Cartílago de tiburón Vivisima+ caja 40 unidades;4,39;(0,11 €/UNIDAD)
Cabello, uñas y piel Vivisima+ caja 50 unidades;3,89;(0,08 €/UNIDAD)
Jarabe detoxificante depurativo con alcachofera y zarzaparrilla Natur Tierra caja 250 ml;6,85;(27,40 €/LITRO)
Zumo de frutas con vitamina d Hohes c botella 1 l;2,89;(2,89 €/LITRO)
Chitosán Vivisima+ caja 50 unidades;3,89;(0,08 €/UNIDAD)
Café verde con zinc y colina Vivisima+ caja 40 unidades;3,59;(0,09 €/UNIDAD)
Semillas de lino dorado Ecocesta bolsa 160 g;2,28;(14,25 €/KILO)
Colesterol Natur Tierra bote 30 unidades;5,85;(0,20 €/UNIDAD)
Garcinia cambogia Vivisima+ caja 40 unidades;4,10;(0,10 €/UNIDAD)
Própolis y jalea real + equinácea Vive+ caja 12 unidades;5,95;(0,50 €/UNIDAD)
Alcachofa con boldo Vivisima+ caja 50 unidades;3,69;(0,07 €/UNIDAD)
Semillas de sésamo tostado Ecocesta bolsa 250 g;2,99;(11,96 €/KILO)
Semillas molidas de lino con coco y almendra Ecocesta bolsa 200 g;4,75;(23,75 €/KILO)
Barrita de proteínas sabor chocolate Just loading bolsa 20 g;1,00;(50,00 €/KILO)
Bebida isotónica sport de limón Isostar bote 400 g;11,99;(29,98 €/KILO)
Cola de caballo Vivisima+ caja 50 unidades;3,95;(0,08 €/UNIDAD)
Arándano rojo americano antioxidante Natur Tierra bote 30 unidades;5,75;(0,19 €/UNIDAD)
Zumo de frutas con hierro Hohes c botella 1 l;2,89;(2,89 €/LITRO)
Bastoncillos de algodón con palo de papel Imaqe de Dia caja 200 unidades;1,00;(0,01 €/UNIDAD)
Tiritas surtidas Botikit de Dia caja 30 unidades;0,99;(0,03 €/UNIDAD)
Alcohol 96º Botikit de Dia botella 250 ml;0,75;(0,30 €/100 ML.)
Discos desmaquillantes original Demak up bolsa 60 unidades;1,29;(0,02 €/UNIDAD)
Agua oxigenada Botikit de Dia botella 250 ml;0,65;(0,26 €/100 ML.)
Desodorante para pies Imaqe de Dia spray 150 ml;1,95;(1,30 €/100 ML.)
Esparadrapo hipoalergénico en tejido sin tejer Botikit de Dia caja 5 m;1,29;(0,26 €/METRO)
Bastoncillos de algodón con palo de papel Planeta Bebé de Dia caja 50 unidades;0,85;(0,02 €/UNIDAD)
Esponjas jabonosas Noname bolsa 10 unidades;1,20;(0,12 €/UNIDAD)
Gasas no tejidas Botikit de Dia bolsa 100 unidades;1,95;(0,02 €/UNIDAD)
Vaselina pura Botikit de Dia frasco 100 g;2,00;(2,00 €/100 GR.)
Protector labial soft rose Liposan tubo 1 unidad;2,75;(2,75 €/UNIDAD)
Povidona iodada 10% Cuidaplus bote 125 ml;2,25;(1,80 €/100 ML.)
Tiritas resistentes al agua Hansaplast caja 40 unidades;2,49;(0,06 €/UNIDAD)
Clorhexidina 2% antiséptico para piel sana Senti2 spray 125 ml;3,00;(2,40 €/100 ML.)
Protector cubrecamas 60 x 90 cm Botikit de Dia bolsa 16 unidades;6,80;(0,43 €/UNIDAD)
Gasas estériles Cosmoplast caja 6 unidades;1,10;(0,18 €/UNIDAD)
Toallitas de higiene corporal para adultos Botikit de Dia bolsa 60 unidades;3,95;(0,07 €/UNIDAD)
Preservativos de látex sensitive Imaqe de Dia caja 12 unidades;3,12;(0,26 €/UNIDAD)
Tiritas impermeables al agua Botikit de Dia caja 10 unidades;1,10;(0,11 €/UNIDAD)
Toallitas de manos desinfectantes Botikit de Dia bolsa 15 unidades;0,99;(0,07 €/UNIDAD)
Protector labial original Liposan blister 1 unidad;2,75;(2,75 €/UNIDAD)
Preservativos natural comfort Durex caja 12 unidades;6,99;(0,58 €/UNIDAD)
Tapones para oídos Botikit de Dia caja 4 unidades;1,90;(0,48 €/UNIDAD)
Stick de árnica Botikit de Dia caja 1 unidad;4,00;(4,00 €/UNIDAD)
Bastoncillos de algodón Johnson caja 100 unidades;2,59;(0,03 €/UNIDAD)
Esponjas faciales desmaquillantes Imaqe de Dia bolsa 2 unidades;1,00;(0,50 €/UNIDAD)
Lubricante íntimo fresa pleasure gel Durex bote 50 ml;10,69;(21,38 €/100 ML.)
Preservativos contacto total Durex caja 12 unidades;10,95;(0,91 €/UNIDAD)
Polvos de talco Eudermin bote 200 g;1,99;(1,00 €/100 GR.)
Alcohol de romero refrescante y relajante Imaqe de Dia botella 250 ml;1,99;(0,80 €/100 ML.)
Preservativos sensitivo suave Durex caja 12 unidades;7,99;(0,67 €/UNIDAD)
Tiritas infantiles Patrulla Canina Salvelox caja 20 unidades;2,90;(0,15 €/UNIDAD)
Lubricante natural intimate Durex tubo 100 ml;13,95;(13,95 €/100 ML.)
Gel de manos antiséptico Botikit de Dia bote 100 ml;1,60;(1,60 €/100 ML.)
Gel de masaje y lubricante íntimo aloe Durex bote 200 ml;13,49;(6,75 €/100 ML.)
Discos desmaquilladores Demak up bolsa 70 unidades;2,19;(0,03 €/UNIDAD)
Preservativos de látex de caucho natural Imaqe de Dia caja 12 unidades;2,93;(0,24 €/UNIDAD)
Preservativos sensitivo xl Durex caja 10 unidades;9,95;(1,00 €/UNIDAD)
Preservativos invisible sensitivo Durex caja 12 unidades;13,95;(1,16 €/UNIDAD)
Papilla de cereales y galleta Nestlé caja 475 g;3,95;(8,32 €/KILO)
Papilla de cereales con miel Nestlé caja 725 g;5,45;(7,52 €/KILO)
Papilla 8 cereales sin azúcares añadidos Hero Baby caja 410 g;3,90;(9,51 €/KILO)
Papilla de 8 cereales Nestlé caja 475 g;3,95;(8,32 €/KILO)
Papilla crema de arroz sin azúcares añadidos Hero caja 220 g;2,95;(13,41 €/KILO)
(5,18 €/LITRO);Papilla líquida 8 cereales con galleta y leche continuación Nestlé brik 2 x 250 ml;2,59 €
(5,18 €/LITRO);Papilla de arroz sin gluten Nestlé caja 180 g;2,59 €
Leche infantil crecimiento con cereales Puleva brik 1 l;1,99;(1,99 €/LITRO)
Leche peques3 crecimiento con omega Puleva brik 1 l;1,99;(1,99 €/LITRO)
Leche multifrutas Puleva brik 3 x 200 ml;1,99;(3,32 €/LITRO)
Leche crecimiento Puleva brik 1 l;1,99;(1,79 €/LITRO)
Leche infantil 1 inicio Nativa lata 800 g;11,95;(14,94 €/KILO)
Bebida con cereales y cacao pack Puleva brik 3 x 200 ml;1,99;(3,32 €/LITRO)
Leche infantil 1 inicio premium Nidina lata 800 g;14,90;(18,63 €/KILO)
Leche infantil 2 continuación Nativa lata 800 g;11,90;(14,88 €/KILO)
Leche infantil 2 continuación Nidina lata 800 g;17,90;(22,38 €/KILO)
Leche infantil crecimiento con galleta maria Nativa brik 1 l;2,39;(2,39 €/LITRO)
Leche infantil 3 crecimiento Nidina lata 800 g;17,95;(22,44 €/KILO)
Leche crecimiento con cereales +12 meses Nativa brik 1 l;2,39;(2,39 €/LITRO)
Leche infantil crecimiento con cereales Nestlé brik 1 l;2,39;(2,39 €/LITRO)
Leche crecimiento con galleta maría +3 años Nestlé brik 1 l;2,39;(2,39 €/LITRO)
Leche crecimiento original +12 meses Nativa brik 1 l;2,39;(2,39 €/LITRO)
Leche infantil 2 classic Hero Baby Nutrasense bote 800 g;11,95;(14,94 €/KILO)
Leche de continuación Nativa brik 1 l;2,39;(2,39 €/LITRO)
Puré verduritas con pollo Hero frasco 380 g;2,99;(7,87 €/KILO)
Menestra con jamón y ternera Hero frasco 235 g;1,75;(7,45 €/KILO)
Puré de frutas variadas Be plus pack 2 x 200 g;2,15;(5,38 €/KILO)
Arroz con pollo Hero frasco 235 g;1,75;(7,45 €/KILO)
Verduritas con merluza Hero frasco 235 g;1,75;(7,45 €/KILO)
Puré guisantes con jamón Hero frasco 380 g;2,99;(7,87 €/KILO)
Verduritas con pollo y ternera Hero frasco 235 g;1,75;(7,45 €/KILO)
Puré de frutas variadas Hero frasco 190 g;1,39;(7,32 €/KILO)
Verduritas con delicias de pavo Hero frasco 235 g;1,75;(7,45 €/KILO)
Puré de frutas con galleta Be plus pack 2 x 200 g;2,15;(5,38 €/KILO)
(11,70 €/KILO);Crema de bechamel con lenguado Hero frasco 235 g;1,75 €
(7,45 €/KILO);Preparado de manzana y plátano Nestlé pack 4 x 100 g;2,99 €
(7,48 €/KILO);Preparado de 7 frutas sin gluten Nestlé pack 4 x 100 g;2,99 €
(7,48 €/KILO);Puré de pera, plátano y zanahoria 100% ecológica Hero frasco 120 g;1,50 €
(12,50 €/KILO);Puré de verduras con pescado Nestlé frasco 190 g;1,75 €
(9,21 €/KILO);Puré de verduritas con pavo Nestlé frasco 190 g;1,75 €
(9,21 €/KILO);Puré de arroz con tomate y pavo Nestlé frasco 190 g;1,75 €
(9,21 €/KILO);Puré de espaguetis con pollo Nestlé frasco 190 g;2,59 €
(13,63 €/KILO);Verduras y pavo Smileat frasco 230 g;2,69 €
(11,70 €/KILO);Puré de pera y manzana 100% ecológica Hero frasco 120 g;1,50 €
(12,50 €/KILO);Puré de manzana, plátano y yogur 100% ecológica Hero Baby frasco 120 g;1,50 €
(12,50 €/KILO);Puré de guisantes con patata y pollo Gerber frasco 190 g;2,69 €
(1,05 €/100 GR.);Verduras con merluza Smileat frasco 230 g;2,69 €
(11,70 €/KILO);Crema de calabaza y puré de patatas 100% ecológica Hero frasco 190 g;2,49 €
(13,11 €/KILO);Puré de arroz blanco con pollo Nestlé frasco 190 g;1,75 €
(9,21 €/KILO);Puré de verduras con lentejas y pollo bio Hero frasco 190 g;2,49 €
(13,11 €/KILO);Puré de hortalizas y ternera Nestlé frasco 190 g;1,75 €
(9,21 €/KILO);Puré de pera, manzana y plátano Gerber bolsa 360 g;5,55 €
(15,42 €/KILO);Puré de pera y plátano Gerber frasco 125 g;1,89 €
Yogur con fresa y plátano Planeta Bebé de Dia bolsa 100 g;0,90;(9,00 €/KILO)
Puré multifrutas con galleta Hero bolsa 100 g;0,99;(9,90 €/KILO)
Puré de fruta variada Planeta Bebé de Dia bolsa 100 g;0,90;(9,00 €/KILO)
Puré de fruta mediterráneo Hero bolsa 100 g;1,19;(11,90 €/KILO)
Puré de plátano y fresa cool fruits Nestlé bolsa 110 g;1,13;(10,27 €/KILO)
Snack con fresa y plátano smilitos Smileat bolsa 25 g;1,45;(58,00 €/KILO)
Puré de plátano, fresa y manzana Hero bolsa 100 g;1,19;(11,90 €/KILO)
Puré de manzana, plátano y zanahoria 100% ecológica Hero bolsa 100 g;1,59;(1,59 €/100 GR.)
Puré multifrutas crazy fruits Nestlé bolsa 110 g;1,13;(10,27 €/KILO)
Puré manzana y plátano Nestlé bolsa 90 g;1,25;(13,89 €/KILO)
Snack de maíz y avena ecológico puffs Hero bolsa 25 g;1,59;(6,36 €/100 GR.)
Puré de arándanos, manzana y plátano funny fruits Nestlé bolsa 110 g;1,29;(11,73 €/KILO)
Snack smilitos Smileat bolsa 38 g;1,95;(51,32 €/KILO)
Puré de pera, plátano y naranja 100% ecológica Hero bolsa 100 g;1,59;(15,90 €/KILO)
Puré de 4 frutas happy fruits Nestlé bolsa 110 g;1,13;(10,27 €/KILO)
Puré de 4 frutas Nestlé Naturnes bolsa 90 g;1,25;(13,89 €/KILO)
Puré de frutas de manzana, plátano y fresa Nestlé Naturnes bolsa 90 g;1,25;(13,89 €/KILO)
Puré multifrutas Nestlé bolsa 90 g;1,25;(13,89 €/KILO)
Leche fermentada con puré de manzana y fresa Nestlé Yogolino bolsa 100 g;1,29;(12,90 €/KILO)
Leche fermentada con puré de plátano Nestlé Yogolino bolsa 100 g;1,29;(12,90 €/KILO)
Peque galletas junior Nestlé bolsa 180 g;3,59;(19,94 €/KILO)
Snacks de zanahoria y maíz Hero bolsa 40 g;2,49;(62,25 €/KILO)
Postre lacteo fresa Nestlé Yogolino pack 4 x 100 g;2,75;(6,88 €/KILO)
Puré de frutas y galleta Hero bolsa 100 g;1,19;(11,90 €/KILO)
Puré de plátano, fresa y manzana Hero bolsa 4 x 100 g;4,75;(11,88 €/KILO)
(11,30 €/KILO);Postre lácteo de plátano Nestlé Yogolino pack 4 x 100 g;2,75 €
(6,88 €/KILO);Fresa plátano Smileat bolsa 100 g;1,71 €
(17,10 €/KILO);Natillas con galleta Nestlé Yogolino pack 4 x 100 g;3,55 €
(8,88 €/KILO);Puré de naranja, plátano, pera y galleta Hero bolsa 4 x 100 g;4,75 €
(11,88 €/KILO);Postre lácteo natural Nestlé Yogolino pack 4 x 100 g;2,75 €
(6,88 €/KILO);Puré de plátano,naranja y galleta Nestlé bolsa 4 x 90 g;4,59 €
Toallitas húmedas Planeta Bebé de Dia bolsa 80 unidades;1,05;(0,01 €/UNIDAD)
Toallitas aqua Planeta Bebé de Dia bolsa 60 unidades;1,70;(0,03 €/UNIDAD)
Pañales 13-20 kgs talla 5 Planeta Bebé de Dia bolsa 40 unidades;7,70;(0,19 €/UNIDAD)
Toallitas para bebés con piel atópica Planeta Bebé de Dia bolsa 64 unidades;1,81;(0,03 €/UNIDAD)
Pañales 8-15 kgs talla 4 Planeta Bebé de Dia bolsa 44 unidades;7,57;(0,17 €/UNIDAD)
Toallitas para cara y manos Planeta Bebé de Dia bolsa 20 unidades;0,85;(0,04 €/UNIDAD)
Toallitas para bebés cremosas Planeta Bebé de Dia bolsa 48 unidades;1,20;(0,03 €/UNIDAD)
Pañales 17-28 kgs talla 6 Planeta Bebé de Dia bolsa 28 unidades;8,02;(0,29 €/UNIDAD)
Pañales 4-9 kgs talla 3 Planeta Bebé de Dia bolsa 50 unidades;7,90;(0,16 €/UNIDAD)
Calzoncillos absorbentes para niños de 4 a 7 años Huggies DryNites bolsa 10 unidades;8,99;(0,90 €/UNIDAD)
Pañales 3-6 kgs talla 2 Planeta Bebé de Dia bolsa 40 unidades;5,99;(0,15 €/UNIDAD)
Pañales extra care 2-5 kgs talla 1 Huggies bolsa 28 unidades;7,99;(0,29 €/UNIDAD)
Calzoncillos absorbentes de noche para niños de 8 a 13 años Huggies DryNites bolsa 9 unidades;8,99;(1,00 €/UNIDAD)
Pañales extra care 6-10 kgs talla 3 Huggies bolsa 40 unidades;16,99;(0,42 €/UNIDAD)
(0,39 €/UNIDAD);Pañales 13-20 kg talla L Planeta Bebé de Dia bolsa 20 unidades;6,25 €
(0,31 €/UNIDAD);Pañales 2-5 kgs talla 1 Planeta Bebé de Dia bolsa 24 unidades;4,05 €
(0,17 €/UNIDAD);Toallitas para bebés all over clean Huggies bolsa 56 unidades;1,49 €
(0,03 €/UNIDAD);Toallitas para bebés extra care sensitive Huggies bolsa 56 unidades;2,19 €
(0,04 €/UNIDAD);Pañales pants extra care 15-25 kgs talla 6 Huggies bolsa 22 unidades;17,99 €
(0,82 €/UNIDAD);Pañales 8-15 kg talla M Planeta Bebé de Dia bolsa 22 unidades;6,19 €
(0,28 €/UNIDAD);Pañales extra care 8-16 kgs talla 4 Huggies bolsa 33 unidades;16,99 €
(0,51 €/UNIDAD);(0,08/UNIDAD);Pañales extra care 3-6 kgs talla 2 Huggies bolsa 24 unidades
7,99 €;(0,33/UNIDAD);Bañador desechable 13-20 kg talla M Planeta Bebé de Dia bolsa 6 unidades
2,95 €;(0,49/UNIDAD);Pañales extra care 11-25 kgs talla 5 Huggies bolsa 28 unidades
16,99 €;(0,61/UNIDAD);(0,49 €/UNIDAD)
Pañales pants extra care 12-17 kgs talla 5 Huggies bolsa 24 unidades;17,99;(0,75 €/UNIDAD)
(0,69 €/UNIDAD);Toallitas para bebés aqua pure Dodot bolsa 3 x 48 unidades;10,29 €
Esponja infantil extrasuave Planeta Junior de Dia bolsa 1 unidad;0,90;(0,90 €/UNIDAD)
Colonia Nenuco spray 240 ml;3,99;(1,66 €/100 ML.)
Gel de baño dulces sueños Johnson bote 750 ml;3,99;(0,53 €/100 ML.)
Suero fisiológico Planeta Bebé de Dia frasco 30 unidades;3,23;(0,11 €/UNIDAD)
Aceite corporal para bebé Planeta Bebé de Dia botella 500 ml;2,29;(0,46 €/100 ML.)
Polvos de talco bebé natural Johnsons baby bote 200 g;2,99;(1,50 €/100 GR.)
Acondicionador no más tirones Johnson spray 200 ml;4,39;(2,20 €/100 ML.)
Gel de baño relajante recambio Planeta Bebé de Dia bolsa 750 ml;1,55;(0,21 €/100 ML.)
Gel de baño aloe vera Johnson Naturaly sensitive botella 395 ml;2,99;(0,76 €/100 ML.)
Crema protectora de pañal Johnson tubo 100 ml;4,69;(4,69 €/100 ML.)
Agua de colonia infantil Planeta Bebé de Dia botella 750 ml;1,75;(0,23 €/100 ML.)
Jabón hidratante Nenuco bote 650 ml;3,59;(0,55 €/100 ML.)
Agua de colonia infantil Nenuco bote 500 ml;2,85;(0,57 €/100 ML.)
Loción corporal dulces sueños Johnson bote 500 ml;4,99;(1,00 €/100 ML.)
Aceite aloe vera Johnson botella 500 ml;3,79;(0,76 €/100 ML.)
Champú gold Johnson bote 750 ml;4,99;(0,67 €/100 ML.)
Champú camomila Johnson bote 750 ml;4,99;(0,67 €/100 ML.)
Loción corporal relajante Planeta Bebé de Dia bote 500 ml;2,49;(0,50 €/100 ML.)
Champú gotas de brillo Johnson bote 500 ml;4,39;(0,88 €/100 ML.)
Gel y champú infantil 2 en 1 Planeta Bebé de Dia bote 500 ml;1,90;(0,38 €/100 ML.)
Snack para perros palitos con pollo Deliperro de Dia bolsa 200 g;1,10;(5,50 €/KILO)
Alimento para perros trozos en salsa con buey y verduras Deliperro de Dia lata 1.25 Kg;1,79;(1,43 €/KILO)
Alimento para perros trozos en salsa con ave y arroz Deliperro de Dia lata 1.25 Kg;1,79;(1,43 €/KILO)
Sticks dentales para perros Deliperro de Dia bolsa 180 g;1,51;(8,39 €/KILO)
Paté para perro con pollo Deliperro de Dia tarrina 300 g;0,95;(3,17 €/KILO)
Bolsas para residuos caninos con asas Deliperro de Dia caja 36 unidades;1,19;(0,03 €/UNIDAD)
Snack para perros Pedigree Biscrok caja 500 g;2,75;(5,50 €/KILO)
Snack para perros sticks de cuero natural Deliperro de Dia bolsa 100 g;2,39;(23,90 €/KILO)
Snack para perros sticks con ternera Deliperro de Dia bolsa 88 g;1,05;(11,93 €/KILO)
Snack para perros picnic con pollo Friskies bolsa 42 g;1,29;(30,71 €/KILO)
Snack para perros huesitos con pollo Deliperro de Dia bolsa 100 g;1,29;(12,90 €/KILO)
Snack para perros sticks con pollo Deliperro de Dia bolsa 88 g;1,05;(11,93 €/KILO)
Alimento para perros mini Ultima bolsa 1.5 Kg;7,45;(4,97 €/KILO)
Bocaditos en salsa para perros mini As Dia bolsa 400 g;1,99;(4,98 €/KILO)
Snack para perros smiley sticks Frolic bolsa 175 g;1,99;(11,37 €/KILO)
Snack para perros big bones con pollo Deliperro de Dia bolsa 200 g;1,79;(8,95 €/KILO)
Paté para perro con ternera Deliperro de Dia tarrina 300 g;0,95;(3,17 €/KILO)
Alimento para perros completo Biurk bolsa 15 Kg;14,99;(1,00 €/KILO)
Alimento para perros receta tradicional Bon menu bolsa 4 Kg;9,09;(2,27 €/KILO)
Snack para perros tiras con ternera Deliperro de Dia bolsa 120 g;1,29;(10,75 €/KILO)
Alimento para perros senior light con pollo Deliperro de Dia bolsa 3 Kg;5,49;(1,83 €/KILO)
Alimento para perros con pollo y buey Deliperro de Dia bolsa 10 Kg;14,99;(1,50 €/KILO)
Snack para perros medianos dentaxtix Pedigree Dentastix bolsa 128 g;1,99;(18,09 €/KILO)
Alimento para perros albóndigas con salsa de ave Deliperro de Dia lata 1.2 Kg;1,99;(1,66 €/KILO)
Alimento para perros selección de carnes Bon menu bolsa 10 Kg;22,19;(2,22 €/KILO)
Alimento para perro adulto de pollo premium Deliperro de Dia bolsa 1.5 Kg;4,99;(3,33 €/KILO)
Alimento para perros con pollo y buey Deliperro de Dia bolsa 3 Kg;5,49;(1,83 €/KILO)
Alimentos para perros mini hamburguesas Deliperro de Dia bolsa 70 g;1,99;(28,43 €/KILO)
Salchicha para perros de carne Deliperro de Dia 1 Kg;1,80;(1,80 €/KILO)
Alimento para perros bocaditos en gelatina Deliperro de Dia caja 12 x 100 g;4,79;(3,99 €/KILO)
Alimento para perros adultos con buey y verduras Brekkies bolsa 2.5 Kg;9,45;(3,78 €/KILO)
Alimento para perros mini con pollo Ultima Pro+ bolsa 1.1 Kg;7,69;(6,99 €/KILO)
Alimento para perros mini con buey Purina one bolsa 800 g;4,99;(6,24 €/KILO)
Alimento para perros adultos con pollo y arroz Ultima bolsa 3 Kg;11,55;(3,85 €/KILO)
Alimento para perros menú mix completo y variado con buey As Dia bolsa 4 Kg;6,99;(1,75 €/KILO)
Snack para perros hueso prensado Deliperro de Dia bolsa 50 g;1,79;(35,80 €/KILO)
Alimento para perros mini adulto con buey Ultima bolsa 1.5 Kg;7,45;(4,97 €/KILO)
Paté para perros senior con pollo Deliperro de Dia tarrina 300 g;0,95;(3,17 €/KILO)
Alimento para perro active Friskies bolsa 3 Kg;9,49;(3,16 €/KILO)
Snack para perros funtastick sabor jamón /queso Friskies bolsa 175 g;2,35;(13,43 €/KILO)
Arena para gatos absorbente Deligato Dia bolsa 5 Kg;1,40;(0,28 €/KILO)
Arena para gatos absorbente perfumada Deligato Dia bolsa 5 Kg;1,89;(0,38 €/KILO)
Arena para gatos compacta Deligato Dia caja 4 Kg;3,49;(0,87 €/KILO)
Snack para gatos rellenos con pollo y malta Deligato Dia bolsa 60 g;0,94;(15,67 €/KILO)
Alimento para gato bocaditos en salsa Deligato Dia caja 12 x 100 g;3,99;(3,33 €/KILO)
Snack para gatos sticks de salmón Deligato Dia bolsa 10 unidades;1,05;(21,00 €/KILO)
Paté para gato con salmón y trucha Deligato Dia tarrina 100 g;0,45;(4,50 €/KILO)
Alimento para gatos bocaditos con trucha, salmón y verduras Deligato Dia lata 400 g;0,79;(1,98 €/KILO)
Alimento para gatos con pollo y buey Deligato Dia bolsa 1.5 Kg;2,89;(1,93 €/KILO)
Alimento para gatos bocaditos con buey y verduras Deligato Dia lata 400 g;0,79;(1,98 €/KILO)
Alimento para gatos bocaditos en gelatina Deligato Dia pack 12 x 100 g;3,99;(3,33 €/KILO)
Alimento para gatos con salmón y atún Deligato Dia bolsa 1.5 Kg;2,89;(1,93 €/KILO)
Snack líquido para gatos con salmón Vitakraft caja 90 g;2,49;(27,67 €/KILO)
Alimento para gatos en gelatina sabor carne Felix bolsa 340 g;1,99;(5,85 €/KILO)
Snacks para gatos rellenos con salmón Deligato Dia bolsa 60 g;1,19;(19,83 €/KILO)
Mousse para gatos con atún Deligato Dia lata 85 g;0,65;(7,65 €/KILO)
Alimento para gatos esterilizados con pollo Ultima bolsa 1.5 Kg;10,49;(6,99 €/KILO)
Alimento para gatos sabor salmón, atún y verduras Brekkies bolsa 1.5 Kg;4,95;(3,30 €/KILO)
Snack para gatos sticks de pollo e hígado Deligato Dia bolsa 10 x 5 g;1,05;(21,00 €/KILO)
Finas láminas surtidas en salsa para gatos Gourmet bolsa 4 x 85 g;3,79;(8,82 €/KILO)
Alimento para gatos esterilizados con pollo Deligato Dia bolsa 800 g;2,99;(3,74 €/KILO)
Arena para gatos magic clean Vitakraft bolsa 1.85 Kg;5,89;(3,18 €/KILO)
Alimento para gatos selección pescado en gelatina Whiskas bolsa 340 g;2,39;(7,03 €/KILO)
Alimento para gatos con atún/salmón/trucha Gourmet caja 300 g;2,99;(9,97 €/KILO)
Alimento para gatos salmón Friskies bolsa 3 Kg;9,99;(3,33 €/KILO)
Alimento para gatos selección carnes en salsa Whiskas bolsa 340 g;2,39;(7,03 €/KILO)
Alimentos para gatos fondant pollo Gourmet lata 85 g;0,85;(10,00 €/KILO)
Alimento para gatos esterilizados y tracto urinario con pollo Ultima bolsa 1.5 Kg;10,49;(6,99 €/KILO)
Alimento para gatos con salmón y atún rellenas de gamba Brekkies Delicious bolsa 900 g;4,25;(4,72 €/KILO)
Paté para gato con buey Deligato Dia tarrina 100 g;0,45;(4,50 €/KILO)
Alimento para gatos tartalette Gourmet caja 8 x 85 g;6,45;(9,49 €/KILO)
Alimento para gatos esterilizados con salmón Ultima bolsa 1.5 Kg;10,49;(6,99 €/KILO)
Snack para gatos con pollo Catisfaction bolsa 60 g;1,99;(33,17 €/KILO)
Alimento para gatos paté con pollo Deligato Dia lata 400 g;1,49;(3,73 €/KILO)
Alimento para gatos varios sabores Gourmet caja 300 g;2,99;(9,97 €/KILO)
Paté para gato junior con pollo y pavo Deligato Dia tarrina 100 g;0,45;(4,50 €/KILO)
Alimento para gatos en gelatina sabor pescado Felix bolsa 340 g;1,99;(5,85 €/KILO)
Mousse para gatos con pescado Gourmet lata 85 g;0,85;(10,00 €/KILO)
Alimento para gatos de salmón control urinario Deligato Dia bolsa 800 g;2,99;(3,74 €/KILO)
Alimento para gatos anti bolas con pollo Deligato Dia bolsa 800 g;2,99;(3,74 €/KILO)
Barritas con fruta para periquitos Biazoo bolsa 60 g;1,39;(23,17 €/KILO)
